{
    "monthly_breakdown": [
        {
            "month": "2022-01",
            "total_customers": 3853,
            "new_customers": 3853,
            "returning_customers": 0,
            "new_percentage": 100.0,
            "returning_percentage": 0.0,
            "total_revenue": 87999.26,
            "new_customer_revenue": 87999.26,
            "returning_customer_revenue": 0.0
        },
        {
            "month": "2022-02",
            "total_customers": 4425,
            "new_customers": 2840,
            "returning_customers": 1585,
            "new_percentage": 64.18,
            "returning_percentage": 35.82,
            "total_revenue": 97624.35,
            "new_customer_revenue": 43391.45,
            "returning_customer_revenue": 54232.90000000001
        },
        {
            "month": "2022-03",
            "total_customers": 4629,
            "new_customers": 2466,
            "returning_customers": 2163,
            "new_percentage": 53.27,
            "returning_percentage": 46.73,
            "total_revenue": 107570.37,
            "new_customer_revenue": 39143.41,
            "returning_customer_revenue": 68426.95999999999
        },
        {
            "month": "2022-04",
            "total_customers": 5100,
            "new_customers": 2418,
            "returning_customers": 2682,
            "new_percentage": 47.41,
            "returning_percentage": 52.59,
            "total_revenue": 123054.65,
            "new_customer_revenue": 40997.350000000006,
            "returning_customer_revenue": 82057.29999999999
        },
        {
            "month": "2022-05",
            "total_customers": 2885,
            "new_customers": 1028,
            "returning_customers": 1857,
            "new_percentage": 35.63,
            "returning_percentage": 64.37,
            "total_revenue": 60952.17,
            "new_customer_revenue": 17737.4,
            "returning_customer_revenue": 43214.77
        },
        {
            "month": "2022-06",
            "total_customers": 456,
            "new_customers": 118,
            "returning_customers": 338,
            "new_percentage": 25.88,
            "returning_percentage": 74.12,
            "total_revenue": 7052.950000000001,
            "new_customer_revenue": 2537.25,
            "returning_customer_revenue": 4515.700000000001
        },
        {
            "month": "2022-07",
            "total_customers": 2136,
            "new_customers": 767,
            "returning_customers": 1369,
            "new_percentage": 35.91,
            "returning_percentage": 64.09,
            "total_revenue": 42133.55,
            "new_customer_revenue": 14448.5,
            "returning_customer_revenue": 27685.050000000003
        },
        {
            "month": "2022-09",
            "total_customers": 1629,
            "new_customers": 598,
            "returning_customers": 1031,
            "new_percentage": 36.71,
            "returning_percentage": 63.29,
            "total_revenue": 30634.699999999997,
            "new_customer_revenue": 10840.65,
            "returning_customer_revenue": 19794.049999999996
        },
        {
            "month": "2022-10",
            "total_customers": 3521,
            "new_customers": 1349,
            "returning_customers": 2172,
            "new_percentage": 38.31,
            "returning_percentage": 61.69,
            "total_revenue": 88196.80000000002,
            "new_customer_revenue": 27322.8,
            "returning_customer_revenue": 60874.000000000015
        },
        {
            "month": "2022-11",
            "total_customers": 4314,
            "new_customers": 1564,
            "returning_customers": 2750,
            "new_percentage": 36.25,
            "returning_percentage": 63.75,
            "total_revenue": 118545.85,
            "new_customer_revenue": 31445.6,
            "returning_customer_revenue": 87100.25
        },
        {
            "month": "2022-12",
            "total_customers": 5999,
            "new_customers": 2343,
            "returning_customers": 3656,
            "new_percentage": 39.06,
            "returning_percentage": 60.94,
            "total_revenue": 163868.45,
            "new_customer_revenue": 45896.85,
            "returning_customer_revenue": 117971.6
        },
        {
            "month": "2023-01",
            "total_customers": 3691,
            "new_customers": 1006,
            "returning_customers": 2685,
            "new_percentage": 27.26,
            "returning_percentage": 72.74,
            "total_revenue": 99035.25,
            "new_customer_revenue": 18430.1,
            "returning_customer_revenue": 80605.15
        },
        {
            "month": "2023-02",
            "total_customers": 3963,
            "new_customers": 1070,
            "returning_customers": 2893,
            "new_percentage": 27.0,
            "returning_percentage": 73.0,
            "total_revenue": 104582.20000000001,
            "new_customer_revenue": 19305.0,
            "returning_customer_revenue": 85277.20000000001
        },
        {
            "month": "2023-03",
            "total_customers": 4303,
            "new_customers": 1203,
            "returning_customers": 3100,
            "new_percentage": 27.96,
            "returning_percentage": 72.04,
            "total_revenue": 120771.70999999999,
            "new_customer_revenue": 23868.65,
            "returning_customer_revenue": 96903.06
        },
        {
            "month": "2023-04",
            "total_customers": 4817,
            "new_customers": 1302,
            "returning_customers": 3515,
            "new_percentage": 27.03,
            "returning_percentage": 72.97,
            "total_revenue": 122982.6,
            "new_customer_revenue": 22162.8,
            "returning_customer_revenue": 100819.8
        },
        {
            "month": "2023-05",
            "total_customers": 4415,
            "new_customers": 1111,
            "returning_customers": 3304,
            "new_percentage": 25.16,
            "returning_percentage": 74.84,
            "total_revenue": 126043.9,
            "new_customer_revenue": 24419.9,
            "returning_customer_revenue": 101624.0
        },
        {
            "month": "2023-06",
            "total_customers": 4508,
            "new_customers": 1244,
            "returning_customers": 3264,
            "new_percentage": 27.6,
            "returning_percentage": 72.4,
            "total_revenue": 133206.59999999998,
            "new_customer_revenue": 25980.199999999997,
            "returning_customer_revenue": 107226.39999999998
        },
        {
            "month": "2023-07",
            "total_customers": 4761,
            "new_customers": 1275,
            "returning_customers": 3486,
            "new_percentage": 26.78,
            "returning_percentage": 73.22,
            "total_revenue": 132614.59999999998,
            "new_customer_revenue": 25512.2,
            "returning_customer_revenue": 107102.39999999998
        },
        {
            "month": "2023-08",
            "total_customers": 4257,
            "new_customers": 1052,
            "returning_customers": 3205,
            "new_percentage": 24.71,
            "returning_percentage": 75.29,
            "total_revenue": 114880.5,
            "new_customer_revenue": 22657.4,
            "returning_customer_revenue": 92223.1
        },
        {
            "month": "2023-09",
            "total_customers": 4446,
            "new_customers": 1161,
            "returning_customers": 3285,
            "new_percentage": 26.11,
            "returning_percentage": 73.89,
            "total_revenue": 125392.0,
            "new_customer_revenue": 25069.1,
            "returning_customer_revenue": 100322.9
        },
        {
            "month": "2023-10",
            "total_customers": 4119,
            "new_customers": 940,
            "returning_customers": 3179,
            "new_percentage": 22.82,
            "returning_percentage": 77.18,
            "total_revenue": 113278.59999999999,
            "new_customer_revenue": 19717.9,
            "returning_customer_revenue": 93560.69999999998
        },
        {
            "month": "2023-11",
            "total_customers": 3806,
            "new_customers": 872,
            "returning_customers": 2934,
            "new_percentage": 22.91,
            "returning_percentage": 77.09,
            "total_revenue": 100577.0,
            "new_customer_revenue": 16109.900000000001,
            "returning_customer_revenue": 84467.1
        },
        {
            "month": "2023-12",
            "total_customers": 5370,
            "new_customers": 1385,
            "returning_customers": 3985,
            "new_percentage": 25.79,
            "returning_percentage": 74.21,
            "total_revenue": 144650.81,
            "new_customer_revenue": 28469.11,
            "returning_customer_revenue": 116181.7
        },
        {
            "month": "2024-01",
            "total_customers": 3360,
            "new_customers": 703,
            "returning_customers": 2657,
            "new_percentage": 20.92,
            "returning_percentage": 79.08,
            "total_revenue": 94866.15,
            "new_customer_revenue": 13830.5,
            "returning_customer_revenue": 81035.65
        },
        {
            "month": "2024-02",
            "total_customers": 3448,
            "new_customers": 762,
            "returning_customers": 2686,
            "new_percentage": 22.1,
            "returning_percentage": 77.9,
            "total_revenue": 94248.23000000001,
            "new_customer_revenue": 17417.61,
            "returning_customer_revenue": 76830.62000000001
        },
        {
            "month": "2024-03",
            "total_customers": 4004,
            "new_customers": 984,
            "returning_customers": 3020,
            "new_percentage": 24.58,
            "returning_percentage": 75.42,
            "total_revenue": 107730.42000000001,
            "new_customer_revenue": 21528.5,
            "returning_customer_revenue": 86201.92000000001
        },
        {
            "month": "2024-04",
            "total_customers": 3293,
            "new_customers": 740,
            "returning_customers": 2553,
            "new_percentage": 22.47,
            "returning_percentage": 77.53,
            "total_revenue": 94674.14,
            "new_customer_revenue": 17772.5,
            "returning_customer_revenue": 76901.64
        },
        {
            "month": "2024-05",
            "total_customers": 3393,
            "new_customers": 764,
            "returning_customers": 2629,
            "new_percentage": 22.52,
            "returning_percentage": 77.48,
            "total_revenue": 104704.02,
            "new_customer_revenue": 22828.9,
            "returning_customer_revenue": 81875.12
        },
        {
            "month": "2024-06",
            "total_customers": 3404,
            "new_customers": 809,
            "returning_customers": 2595,
            "new_percentage": 23.77,
            "returning_percentage": 76.23,
            "total_revenue": 108527.73999999999,
            "new_customer_revenue": 24359.199999999997,
            "returning_customer_revenue": 84168.54
        },
        {
            "month": "2024-07",
            "total_customers": 3391,
            "new_customers": 817,
            "returning_customers": 2574,
            "new_percentage": 24.09,
            "returning_percentage": 75.91,
            "total_revenue": 109102.35,
            "new_customer_revenue": 22851.9,
            "returning_customer_revenue": 86250.45000000001
        },
        {
            "month": "2024-08",
            "total_customers": 3224,
            "new_customers": 810,
            "returning_customers": 2414,
            "new_percentage": 25.12,
            "returning_percentage": 74.88,
            "total_revenue": 107968.45999999999,
            "new_customer_revenue": 26007.909999999996,
            "returning_customer_revenue": 81960.54999999999
        },
        {
            "month": "2024-09",
            "total_customers": 3210,
            "new_customers": 854,
            "returning_customers": 2356,
            "new_percentage": 26.6,
            "returning_percentage": 73.4,
            "total_revenue": 109638.73000000001,
            "new_customer_revenue": 24641.61,
            "returning_customer_revenue": 84997.12000000001
        },
        {
            "month": "2024-10",
            "total_customers": 2977,
            "new_customers": 742,
            "returning_customers": 2235,
            "new_percentage": 24.92,
            "returning_percentage": 75.08,
            "total_revenue": 100934.65,
            "new_customer_revenue": 20859.199999999997,
            "returning_customer_revenue": 80075.45
        },
        {
            "month": "2024-11",
            "total_customers": 3025,
            "new_customers": 733,
            "returning_customers": 2292,
            "new_percentage": 24.23,
            "returning_percentage": 75.77,
            "total_revenue": 90757.98,
            "new_customer_revenue": 17509.41,
            "returning_customer_revenue": 73248.56999999999
        },
        {
            "month": "2024-12",
            "total_customers": 4010,
            "new_customers": 1029,
            "returning_customers": 2981,
            "new_percentage": 25.66,
            "returning_percentage": 74.34,
            "total_revenue": 114324.67000000001,
            "new_customer_revenue": 24778.21,
            "returning_customer_revenue": 89546.46000000002
        },
        {
            "month": "2025-01",
            "total_customers": 2986,
            "new_customers": 696,
            "returning_customers": 2290,
            "new_percentage": 23.31,
            "returning_percentage": 76.69,
            "total_revenue": 92796.15,
            "new_customer_revenue": 19058.510000000002,
            "returning_customer_revenue": 73737.63999999998
        },
        {
            "month": "2025-02",
            "total_customers": 2839,
            "new_customers": 619,
            "returning_customers": 2220,
            "new_percentage": 21.8,
            "returning_percentage": 78.2,
            "total_revenue": 88996.42000000001,
            "new_customer_revenue": 15804.7,
            "returning_customer_revenue": 73191.72000000002
        },
        {
            "month": "2025-03",
            "total_customers": 3173,
            "new_customers": 742,
            "returning_customers": 2431,
            "new_percentage": 23.38,
            "returning_percentage": 76.62,
            "total_revenue": 100285.86,
            "new_customer_revenue": 17648.9,
            "returning_customer_revenue": 82636.95999999999
        }
    ],
    "Basic LTV": 31.60600693350142,
    "Advanced LTV": 1905.1682514421973,
    "Average Purchase Value": 11.307459691058744,
    "Average Purchase Frequency": 2.7951465490072485,
    "Average Customer LifeSpan (Months)": 60.27867599506144
}