{
    "monthly_breakdown": [
        {
            "month": "2022-01",
            "total_customers": 32,
            "new_customers": 32,
            "returning_customers": 0,
            "new_percentage": 100.0,
            "returning_percentage": 0.0,
            "total_revenue": 3446.0,
            "new_customer_revenue": 3446.0,
            "returning_customer_revenue": 0.0
        },
        {
            "month": "2022-02",
            "total_customers": 37,
            "new_customers": 35,
            "returning_customers": 2,
            "new_percentage": 94.59,
            "returning_percentage": 5.41,
            "total_revenue": 3669.8,
            "new_customer_revenue": 3444.2,
            "returning_customer_revenue": 225.60000000000036
        },
        {
            "month": "2022-03",
            "total_customers": 46,
            "new_customers": 42,
            "returning_customers": 4,
            "new_percentage": 91.3,
            "returning_percentage": 8.7,
            "total_revenue": 4597.0,
            "new_customer_revenue": 4337.0,
            "returning_customer_revenue": 260.0
        },
        {
            "month": "2022-04",
            "total_customers": 82,
            "new_customers": 77,
            "returning_customers": 5,
            "new_percentage": 93.9,
            "returning_percentage": 6.1,
            "total_revenue": 8206.8,
            "new_customer_revenue": 7636.8,
            "returning_customer_revenue": 569.9999999999991
        },
        {
            "month": "2022-05",
            "total_customers": 71,
            "new_customers": 52,
            "returning_customers": 19,
            "new_percentage": 73.24,
            "returning_percentage": 26.76,
            "total_revenue": 6583.9,
            "new_customer_revenue": 4930.0,
            "returning_customer_revenue": 1653.8999999999996
        },
        {
            "month": "2022-06",
            "total_customers": 16,
            "new_customers": 13,
            "returning_customers": 3,
            "new_percentage": 81.25,
            "returning_percentage": 18.75,
            "total_revenue": 1540.0,
            "new_customer_revenue": 1300.0,
            "returning_customer_revenue": 240.0
        },
        {
            "month": "2022-07",
            "total_customers": 83,
            "new_customers": 69,
            "returning_customers": 14,
            "new_percentage": 83.13,
            "returning_percentage": 16.87,
            "total_revenue": 8169.799999999999,
            "new_customer_revenue": 7120.1,
            "returning_customer_revenue": 1049.699999999999
        },
        {
            "month": "2022-09",
            "total_customers": 72,
            "new_customers": 65,
            "returning_customers": 7,
            "new_percentage": 90.28,
            "returning_percentage": 9.72,
            "total_revenue": 5721.299999999999,
            "new_customer_revenue": 5197.4,
            "returning_customer_revenue": 523.8999999999996
        },
        {
            "month": "2022-10",
            "total_customers": 143,
            "new_customers": 104,
            "returning_customers": 39,
            "new_percentage": 72.73,
            "returning_percentage": 27.27,
            "total_revenue": 14433.6,
            "new_customer_revenue": 10726.4,
            "returning_customer_revenue": 3707.2000000000007
        },
        {
            "month": "2022-11",
            "total_customers": 131,
            "new_customers": 110,
            "returning_customers": 21,
            "new_percentage": 83.97,
            "returning_percentage": 16.03,
            "total_revenue": 15011.0,
            "new_customer_revenue": 12511.8,
            "returning_customer_revenue": 2499.2000000000007
        },
        {
            "month": "2022-12",
            "total_customers": 135,
            "new_customers": 87,
            "returning_customers": 48,
            "new_percentage": 64.44,
            "returning_percentage": 35.56,
            "total_revenue": 15333.45,
            "new_customer_revenue": 10404.749999999998,
            "returning_customer_revenue": 4928.700000000003
        },
        {
            "month": "2023-01",
            "total_customers": 92,
            "new_customers": 54,
            "returning_customers": 38,
            "new_percentage": 58.7,
            "returning_percentage": 41.3,
            "total_revenue": 10179.1,
            "new_customer_revenue": 5450.700000000001,
            "returning_customer_revenue": 4728.4
        },
        {
            "month": "2023-02",
            "total_customers": 109,
            "new_customers": 71,
            "returning_customers": 38,
            "new_percentage": 65.14,
            "returning_percentage": 34.86,
            "total_revenue": 12500.4,
            "new_customer_revenue": 8360.4,
            "returning_customer_revenue": 4140.0
        },
        {
            "month": "2023-03",
            "total_customers": 144,
            "new_customers": 81,
            "returning_customers": 63,
            "new_percentage": 56.25,
            "returning_percentage": 43.75,
            "total_revenue": 16610.5,
            "new_customer_revenue": 9114.8,
            "returning_customer_revenue": 7495.700000000001
        },
        {
            "month": "2023-04",
            "total_customers": 122,
            "new_customers": 65,
            "returning_customers": 57,
            "new_percentage": 53.28,
            "returning_percentage": 46.72,
            "total_revenue": 13184.85,
            "new_customer_revenue": 7426.6,
            "returning_customer_revenue": 5758.25
        },
        {
            "month": "2023-05",
            "total_customers": 182,
            "new_customers": 117,
            "returning_customers": 65,
            "new_percentage": 64.29,
            "returning_percentage": 35.71,
            "total_revenue": 21170.1,
            "new_customer_revenue": 13281.5,
            "returning_customer_revenue": 7888.5999999999985
        },
        {
            "month": "2023-06",
            "total_customers": 213,
            "new_customers": 118,
            "returning_customers": 95,
            "new_percentage": 55.4,
            "returning_percentage": 44.6,
            "total_revenue": 26938.2,
            "new_customer_revenue": 14025.2,
            "returning_customer_revenue": 12913.0
        },
        {
            "month": "2023-07",
            "total_customers": 185,
            "new_customers": 112,
            "returning_customers": 73,
            "new_percentage": 60.54,
            "returning_percentage": 39.46,
            "total_revenue": 20308.5,
            "new_customer_revenue": 12713.5,
            "returning_customer_revenue": 7595.0
        },
        {
            "month": "2023-08",
            "total_customers": 182,
            "new_customers": 111,
            "returning_customers": 71,
            "new_percentage": 60.99,
            "returning_percentage": 39.01,
            "total_revenue": 19981.5,
            "new_customer_revenue": 13109.8,
            "returning_customer_revenue": 6871.700000000001
        },
        {
            "month": "2023-09",
            "total_customers": 236,
            "new_customers": 128,
            "returning_customers": 108,
            "new_percentage": 54.24,
            "returning_percentage": 45.76,
            "total_revenue": 25263.7,
            "new_customer_revenue": 14069.8,
            "returning_customer_revenue": 11193.900000000001
        },
        {
            "month": "2023-10",
            "total_customers": 164,
            "new_customers": 77,
            "returning_customers": 87,
            "new_percentage": 46.95,
            "returning_percentage": 53.05,
            "total_revenue": 18677.5,
            "new_customer_revenue": 9157.5,
            "returning_customer_revenue": 9520.0
        },
        {
            "month": "2023-11",
            "total_customers": 98,
            "new_customers": 47,
            "returning_customers": 51,
            "new_percentage": 47.96,
            "returning_percentage": 52.04,
            "total_revenue": 9605.0,
            "new_customer_revenue": 4750.0,
            "returning_customer_revenue": 4855.0
        },
        {
            "month": "2023-12",
            "total_customers": 150,
            "new_customers": 79,
            "returning_customers": 71,
            "new_percentage": 52.67,
            "returning_percentage": 47.33,
            "total_revenue": 16996.7,
            "new_customer_revenue": 9080.9,
            "returning_customer_revenue": 7915.800000000001
        },
        {
            "month": "2024-01",
            "total_customers": 111,
            "new_customers": 47,
            "returning_customers": 64,
            "new_percentage": 42.34,
            "returning_percentage": 57.66,
            "total_revenue": 12478.8,
            "new_customer_revenue": 5749.7,
            "returning_customer_revenue": 6729.099999999999
        },
        {
            "month": "2024-02",
            "total_customers": 118,
            "new_customers": 59,
            "returning_customers": 59,
            "new_percentage": 50.0,
            "returning_percentage": 50.0,
            "total_revenue": 14207.199999999999,
            "new_customer_revenue": 8031.7,
            "returning_customer_revenue": 6175.499999999999
        },
        {
            "month": "2024-03",
            "total_customers": 162,
            "new_customers": 82,
            "returning_customers": 80,
            "new_percentage": 50.62,
            "returning_percentage": 49.38,
            "total_revenue": 18454.5,
            "new_customer_revenue": 9904.2,
            "returning_customer_revenue": 8550.3
        },
        {
            "month": "2024-04",
            "total_customers": 176,
            "new_customers": 96,
            "returning_customers": 80,
            "new_percentage": 54.55,
            "returning_percentage": 45.45,
            "total_revenue": 20289.3,
            "new_customer_revenue": 11876.5,
            "returning_customer_revenue": 8412.8
        },
        {
            "month": "2024-05",
            "total_customers": 225,
            "new_customers": 148,
            "returning_customers": 77,
            "new_percentage": 65.78,
            "returning_percentage": 34.22,
            "total_revenue": 27278.5,
            "new_customer_revenue": 18110.6,
            "returning_customer_revenue": 9167.900000000001
        },
        {
            "month": "2024-06",
            "total_customers": 292,
            "new_customers": 168,
            "returning_customers": 124,
            "new_percentage": 57.53,
            "returning_percentage": 42.47,
            "total_revenue": 33350.8,
            "new_customer_revenue": 19801.4,
            "returning_customer_revenue": 13549.400000000001
        },
        {
            "month": "2024-07",
            "total_customers": 297,
            "new_customers": 188,
            "returning_customers": 109,
            "new_percentage": 63.3,
            "returning_percentage": 36.7,
            "total_revenue": 33132.2,
            "new_customer_revenue": 21794.399999999998,
            "returning_customer_revenue": 11337.8
        },
        {
            "month": "2024-08",
            "total_customers": 335,
            "new_customers": 192,
            "returning_customers": 143,
            "new_percentage": 57.31,
            "returning_percentage": 42.69,
            "total_revenue": 38574.8,
            "new_customer_revenue": 24194.7,
            "returning_customer_revenue": 14380.100000000002
        },
        {
            "month": "2024-09",
            "total_customers": 332,
            "new_customers": 164,
            "returning_customers": 168,
            "new_percentage": 49.4,
            "returning_percentage": 50.6,
            "total_revenue": 37997.5,
            "new_customer_revenue": 19658.300000000003,
            "returning_customer_revenue": 18339.199999999997
        },
        {
            "month": "2024-10",
            "total_customers": 256,
            "new_customers": 121,
            "returning_customers": 135,
            "new_percentage": 47.27,
            "returning_percentage": 52.73,
            "total_revenue": 29796.8,
            "new_customer_revenue": 14753.5,
            "returning_customer_revenue": 15043.3
        },
        {
            "month": "2024-11",
            "total_customers": 162,
            "new_customers": 82,
            "returning_customers": 80,
            "new_percentage": 50.62,
            "returning_percentage": 49.38,
            "total_revenue": 19206.6,
            "new_customer_revenue": 9860.0,
            "returning_customer_revenue": 9346.599999999999
        },
        {
            "month": "2024-12",
            "total_customers": 189,
            "new_customers": 104,
            "returning_customers": 85,
            "new_percentage": 55.03,
            "returning_percentage": 44.97,
            "total_revenue": 22496.199999999997,
            "new_customer_revenue": 12758.7,
            "returning_customer_revenue": 9737.499999999996
        },
        {
            "month": "2025-01",
            "total_customers": 170,
            "new_customers": 86,
            "returning_customers": 84,
            "new_percentage": 50.59,
            "returning_percentage": 49.41,
            "total_revenue": 17988.800000000003,
            "new_customer_revenue": 9300.400000000001,
            "returning_customer_revenue": 8688.400000000001
        },
        {
            "month": "2025-02",
            "total_customers": 178,
            "new_customers": 82,
            "returning_customers": 96,
            "new_percentage": 46.07,
            "returning_percentage": 53.93,
            "total_revenue": 19526.3,
            "new_customer_revenue": 9647.4,
            "returning_customer_revenue": 9878.9
        },
        {
            "month": "2025-03",
            "total_customers": 190,
            "new_customers": 83,
            "returning_customers": 107,
            "new_percentage": 43.68,
            "returning_percentage": 56.32,
            "total_revenue": 21396.6,
            "new_customer_revenue": 9523.900000000001,
            "returning_customer_revenue": 11872.699999999997
        },
        {
            "month": "2025-04",
            "total_customers": 262,
            "new_customers": 133,
            "returning_customers": 129,
            "new_percentage": 50.76,
            "returning_percentage": 49.24,
            "total_revenue": 31590.5,
            "new_customer_revenue": 17076.9,
            "returning_customer_revenue": 14513.599999999999
        },
        {
            "month": "2025-05",
            "total_customers": 392,
            "new_customers": 217,
            "returning_customers": 175,
            "new_percentage": 55.36,
            "returning_percentage": 44.64,
            "total_revenue": 48521.2,
            "new_customer_revenue": 27769.600000000002,
            "returning_customer_revenue": 20751.599999999995
        }
    ],
    "Basic LTV": 123.77857142857142,
    "Advanced LTV": 3283.735130013685,
    "Average Purchase Value": 81.96148648648648,
    "Average Purchase Frequency": 1.510204081632653,
    "Average Customer LifeSpan (Months)": 26.529108327192336
}