{
    "weekly_breakdown": [
        {
            "week": "Jan 03, 2022 - Jan 09, 2022",
            "total_customers": 1074,
            "new_customers": 983,
            "returning_customers": 91,
            "new_percentage": 91.53,
            "returning_percentage": 8.47,
            "total_revenue": 16030.400000000001,
            "new_customer_revenue": 14070.550000000001,
            "returning_customer_revenue": 1959.8500000000004
        },
        {
            "week": "Jan 10, 2022 - Jan 16, 2022",
            "total_customers": 1237,
            "new_customers": 789,
            "returning_customers": 448,
            "new_percentage": 63.78,
            "returning_percentage": 36.22,
            "total_revenue": 18667.0,
            "new_customer_revenue": 10260.300000000001,
            "returning_customer_revenue": 8406.699999999999
        },
        {
            "week": "Jan 17, 2022 - Jan 23, 2022",
            "total_customers": 1273,
            "new_customers": 701,
            "returning_customers": 572,
            "new_percentage": 55.07,
            "returning_percentage": 44.93,
            "total_revenue": 18723.800000000003,
            "new_customer_revenue": 8794.3,
            "returning_customer_revenue": 9929.500000000004
        },
        {
            "week": "Jan 24, 2022 - Jan 30, 2022",
            "total_customers": 1454,
            "new_customers": 754,
            "returning_customers": 700,
            "new_percentage": 51.86,
            "returning_percentage": 48.14,
            "total_revenue": 21494.8,
            "new_customer_revenue": 9651.800000000001,
            "returning_customer_revenue": 11842.999999999998
        },
        {
            "week": "Jan 31, 2022 - Feb 06, 2022",
            "total_customers": 1471,
            "new_customers": 688,
            "returning_customers": 783,
            "new_percentage": 46.77,
            "returning_percentage": 53.23,
            "total_revenue": 21921.2,
            "new_customer_revenue": 8755.75,
            "returning_customer_revenue": 13165.45
        },
        {
            "week": "Feb 07, 2022 - Feb 13, 2022",
            "total_customers": 1548,
            "new_customers": 662,
            "returning_customers": 886,
            "new_percentage": 42.76,
            "returning_percentage": 57.24,
            "total_revenue": 23711.5,
            "new_customer_revenue": 8528.35,
            "returning_customer_revenue": 15183.15
        },
        {
            "week": "Feb 14, 2022 - Feb 20, 2022",
            "total_customers": 1727,
            "new_customers": 783,
            "returning_customers": 944,
            "new_percentage": 45.34,
            "returning_percentage": 54.66,
            "total_revenue": 25660.6,
            "new_customer_revenue": 10146.1,
            "returning_customer_revenue": 15514.499999999998
        },
        {
            "week": "Feb 21, 2022 - Feb 27, 2022",
            "total_customers": 1630,
            "new_customers": 675,
            "returning_customers": 955,
            "new_percentage": 41.41,
            "returning_percentage": 58.59,
            "total_revenue": 25749.65,
            "new_customer_revenue": 8995.3,
            "returning_customer_revenue": 16754.350000000002
        },
        {
            "week": "Feb 28, 2022 - Mar 06, 2022",
            "total_customers": 1663,
            "new_customers": 678,
            "returning_customers": 985,
            "new_percentage": 40.77,
            "returning_percentage": 59.23,
            "total_revenue": 25742.16,
            "new_customer_revenue": 9272.900000000001,
            "returning_customer_revenue": 16469.26
        },
        {
            "week": "Mar 07, 2022 - Mar 13, 2022",
            "total_customers": 1602,
            "new_customers": 596,
            "returning_customers": 1006,
            "new_percentage": 37.2,
            "returning_percentage": 62.8,
            "total_revenue": 23886.8,
            "new_customer_revenue": 7642.75,
            "returning_customer_revenue": 16244.05
        },
        {
            "week": "Mar 14, 2022 - Mar 20, 2022",
            "total_customers": 1573,
            "new_customers": 557,
            "returning_customers": 1016,
            "new_percentage": 35.41,
            "returning_percentage": 64.59,
            "total_revenue": 24875.649999999998,
            "new_customer_revenue": 7451.35,
            "returning_customer_revenue": 17424.299999999996
        },
        {
            "week": "Mar 21, 2022 - Mar 27, 2022",
            "total_customers": 1640,
            "new_customers": 553,
            "returning_customers": 1087,
            "new_percentage": 33.72,
            "returning_percentage": 66.28,
            "total_revenue": 25424.910000000003,
            "new_customer_revenue": 7246.360000000001,
            "returning_customer_revenue": 18178.550000000003
        },
        {
            "week": "Mar 28, 2022 - Apr 03, 2022",
            "total_customers": 1629,
            "new_customers": 553,
            "returning_customers": 1076,
            "new_percentage": 33.95,
            "returning_percentage": 66.05,
            "total_revenue": 26592.899999999998,
            "new_customer_revenue": 7877.2,
            "returning_customer_revenue": 18715.699999999997
        },
        {
            "week": "Apr 04, 2022 - Apr 10, 2022",
            "total_customers": 1700,
            "new_customers": 573,
            "returning_customers": 1127,
            "new_percentage": 33.71,
            "returning_percentage": 66.29,
            "total_revenue": 28905.550000000003,
            "new_customer_revenue": 9010.75,
            "returning_customer_revenue": 19894.800000000003
        },
        {
            "week": "Apr 11, 2022 - Apr 17, 2022",
            "total_customers": 1791,
            "new_customers": 579,
            "returning_customers": 1212,
            "new_percentage": 32.33,
            "returning_percentage": 67.67,
            "total_revenue": 29163.15,
            "new_customer_revenue": 8169.5,
            "returning_customer_revenue": 20993.65
        },
        {
            "week": "Apr 18, 2022 - Apr 24, 2022",
            "total_customers": 1563,
            "new_customers": 487,
            "returning_customers": 1076,
            "new_percentage": 31.16,
            "returning_percentage": 68.84,
            "total_revenue": 25623.050000000003,
            "new_customer_revenue": 6704.65,
            "returning_customer_revenue": 18918.4
        },
        {
            "week": "Apr 25, 2022 - May 01, 2022",
            "total_customers": 1796,
            "new_customers": 562,
            "returning_customers": 1234,
            "new_percentage": 31.29,
            "returning_percentage": 68.71,
            "total_revenue": 30324.61,
            "new_customer_revenue": 8610.1,
            "returning_customer_revenue": 21714.510000000002
        },
        {
            "week": "May 02, 2022 - May 08, 2022",
            "total_customers": 1655,
            "new_customers": 478,
            "returning_customers": 1177,
            "new_percentage": 28.88,
            "returning_percentage": 71.12,
            "total_revenue": 29060.460000000003,
            "new_customer_revenue": 8002.2,
            "returning_customer_revenue": 21058.260000000002
        },
        {
            "week": "May 09, 2022 - May 15, 2022",
            "total_customers": 1378,
            "new_customers": 373,
            "returning_customers": 1005,
            "new_percentage": 27.07,
            "returning_percentage": 72.93,
            "total_revenue": 24777.0,
            "new_customer_revenue": 6002.4,
            "returning_customer_revenue": 18774.6
        },
        {
            "week": "Jun 27, 2022 - Jul 03, 2022",
            "total_customers": 1149,
            "new_customers": 368,
            "returning_customers": 781,
            "new_percentage": 32.03,
            "returning_percentage": 67.97,
            "total_revenue": 18737.950000000004,
            "new_customer_revenue": 6434.7,
            "returning_customer_revenue": 12303.250000000004
        },
        {
            "week": "Jul 11, 2022 - Jul 17, 2022",
            "total_customers": 320,
            "new_customers": 93,
            "returning_customers": 227,
            "new_percentage": 29.06,
            "returning_percentage": 70.94,
            "total_revenue": 4742.6,
            "new_customer_revenue": 2102.1,
            "returning_customer_revenue": 2640.5000000000005
        },
        {
            "week": "Jul 18, 2022 - Jul 24, 2022",
            "total_customers": 1372,
            "new_customers": 424,
            "returning_customers": 948,
            "new_percentage": 30.9,
            "returning_percentage": 69.1,
            "total_revenue": 25705.95,
            "new_customer_revenue": 8196.25,
            "returning_customer_revenue": 17509.7
        },
        {
            "week": "Sep 19, 2022 - Sep 25, 2022",
            "total_customers": 836,
            "new_customers": 295,
            "returning_customers": 541,
            "new_percentage": 35.29,
            "returning_percentage": 64.71,
            "total_revenue": 12666.95,
            "new_customer_revenue": 4348.75,
            "returning_customer_revenue": 8318.2
        },
        {
            "week": "Sep 26, 2022 - Oct 02, 2022",
            "total_customers": 1522,
            "new_customers": 505,
            "returning_customers": 1017,
            "new_percentage": 33.18,
            "returning_percentage": 66.82,
            "total_revenue": 29109.149999999998,
            "new_customer_revenue": 10459.9,
            "returning_customer_revenue": 18649.25
        },
        {
            "week": "Oct 03, 2022 - Oct 09, 2022",
            "total_customers": 1533,
            "new_customers": 453,
            "returning_customers": 1080,
            "new_percentage": 29.55,
            "returning_percentage": 70.45,
            "total_revenue": 27946.2,
            "new_customer_revenue": 7864.0,
            "returning_customer_revenue": 20082.2
        },
        {
            "week": "Oct 10, 2022 - Oct 16, 2022",
            "total_customers": 1478,
            "new_customers": 385,
            "returning_customers": 1093,
            "new_percentage": 26.05,
            "returning_percentage": 73.95,
            "total_revenue": 26494.1,
            "new_customer_revenue": 6384.75,
            "returning_customer_revenue": 20109.35
        },
        {
            "week": "Oct 17, 2022 - Oct 23, 2022",
            "total_customers": 855,
            "new_customers": 176,
            "returning_customers": 679,
            "new_percentage": 20.58,
            "returning_percentage": 79.42,
            "total_revenue": 15696.650000000001,
            "new_customer_revenue": 3484.6,
            "returning_customer_revenue": 12212.050000000001
        },
        {
            "week": "Oct 24, 2022 - Oct 30, 2022",
            "total_customers": 337,
            "new_customers": 100,
            "returning_customers": 237,
            "new_percentage": 29.67,
            "returning_percentage": 70.33,
            "total_revenue": 4265.0,
            "new_customer_revenue": 1456.55,
            "returning_customer_revenue": 2808.45
        },
        {
            "week": "Oct 31, 2022 - Nov 06, 2022",
            "total_customers": 1412,
            "new_customers": 349,
            "returning_customers": 1063,
            "new_percentage": 24.72,
            "returning_percentage": 75.28,
            "total_revenue": 26342.449999999997,
            "new_customer_revenue": 6296.4,
            "returning_customer_revenue": 20046.049999999996
        },
        {
            "week": "Nov 07, 2022 - Nov 13, 2022",
            "total_customers": 1555,
            "new_customers": 372,
            "returning_customers": 1183,
            "new_percentage": 23.92,
            "returning_percentage": 76.08,
            "total_revenue": 28321.699999999997,
            "new_customer_revenue": 6760.950000000001,
            "returning_customer_revenue": 21560.749999999996
        },
        {
            "week": "Nov 14, 2022 - Nov 20, 2022",
            "total_customers": 1590,
            "new_customers": 391,
            "returning_customers": 1199,
            "new_percentage": 24.59,
            "returning_percentage": 75.41,
            "total_revenue": 27042.9,
            "new_customer_revenue": 5913.5,
            "returning_customer_revenue": 21129.4
        },
        {
            "week": "Nov 21, 2022 - Nov 27, 2022",
            "total_customers": 1658,
            "new_customers": 391,
            "returning_customers": 1267,
            "new_percentage": 23.58,
            "returning_percentage": 76.42,
            "total_revenue": 30734.6,
            "new_customer_revenue": 6844.3,
            "returning_customer_revenue": 23890.3
        },
        {
            "week": "Nov 28, 2022 - Dec 04, 2022",
            "total_customers": 1655,
            "new_customers": 408,
            "returning_customers": 1247,
            "new_percentage": 24.65,
            "returning_percentage": 75.35,
            "total_revenue": 28552.7,
            "new_customer_revenue": 6441.7,
            "returning_customer_revenue": 22111.0
        },
        {
            "week": "Dec 05, 2022 - Dec 11, 2022",
            "total_customers": 2008,
            "new_customers": 604,
            "returning_customers": 1404,
            "new_percentage": 30.08,
            "returning_percentage": 69.92,
            "total_revenue": 37098.399999999994,
            "new_customer_revenue": 10632.7,
            "returning_customer_revenue": 26465.699999999993
        },
        {
            "week": "Dec 12, 2022 - Dec 18, 2022",
            "total_customers": 2076,
            "new_customers": 600,
            "returning_customers": 1476,
            "new_percentage": 28.9,
            "returning_percentage": 71.1,
            "total_revenue": 38448.65,
            "new_customer_revenue": 10057.05,
            "returning_customer_revenue": 28391.600000000002
        },
        {
            "week": "Dec 19, 2022 - Dec 25, 2022",
            "total_customers": 1920,
            "new_customers": 430,
            "returning_customers": 1490,
            "new_percentage": 22.4,
            "returning_percentage": 77.6,
            "total_revenue": 36279.4,
            "new_customer_revenue": 7378.7,
            "returning_customer_revenue": 28900.7
        },
        {
            "week": "Dec 26, 2022 - Jan 01, 2023",
            "total_customers": 2027,
            "new_customers": 461,
            "returning_customers": 1566,
            "new_percentage": 22.74,
            "returning_percentage": 77.26,
            "total_revenue": 40425.450000000004,
            "new_customer_revenue": 9223.849999999999,
            "returning_customer_revenue": 31201.600000000006
        },
        {
            "week": "Jan 02, 2023 - Jan 08, 2023",
            "total_customers": 1093,
            "new_customers": 162,
            "returning_customers": 931,
            "new_percentage": 14.82,
            "returning_percentage": 85.18,
            "total_revenue": 19654.75,
            "new_customer_revenue": 2779.2,
            "returning_customer_revenue": 16875.55
        },
        {
            "week": "Jan 09, 2023 - Jan 15, 2023",
            "total_customers": 1309,
            "new_customers": 239,
            "returning_customers": 1070,
            "new_percentage": 18.26,
            "returning_percentage": 81.74,
            "total_revenue": 23126.449999999997,
            "new_customer_revenue": 4037.4,
            "returning_customer_revenue": 19089.049999999996
        },
        {
            "week": "Jan 16, 2023 - Jan 22, 2023",
            "total_customers": 1456,
            "new_customers": 265,
            "returning_customers": 1191,
            "new_percentage": 18.2,
            "returning_percentage": 81.8,
            "total_revenue": 26071.9,
            "new_customer_revenue": 4399.700000000001,
            "returning_customer_revenue": 21672.2
        },
        {
            "week": "Jan 23, 2023 - Jan 29, 2023",
            "total_customers": 1512,
            "new_customers": 303,
            "returning_customers": 1209,
            "new_percentage": 20.04,
            "returning_percentage": 79.96,
            "total_revenue": 25470.1,
            "new_customer_revenue": 4988.0,
            "returning_customer_revenue": 20482.1
        },
        {
            "week": "Jan 30, 2023 - Feb 05, 2023",
            "total_customers": 1429,
            "new_customers": 242,
            "returning_customers": 1187,
            "new_percentage": 16.93,
            "returning_percentage": 83.07,
            "total_revenue": 25316.550000000003,
            "new_customer_revenue": 4045.05,
            "returning_customer_revenue": 21271.500000000004
        },
        {
            "week": "Feb 06, 2023 - Feb 12, 2023",
            "total_customers": 1476,
            "new_customers": 272,
            "returning_customers": 1204,
            "new_percentage": 18.43,
            "returning_percentage": 81.57,
            "total_revenue": 26063.550000000003,
            "new_customer_revenue": 4872.45,
            "returning_customer_revenue": 21191.100000000002
        },
        {
            "week": "Feb 13, 2023 - Feb 19, 2023",
            "total_customers": 1503,
            "new_customers": 287,
            "returning_customers": 1216,
            "new_percentage": 19.1,
            "returning_percentage": 80.9,
            "total_revenue": 25890.800000000003,
            "new_customer_revenue": 4374.099999999999,
            "returning_customer_revenue": 21516.700000000004
        },
        {
            "week": "Feb 20, 2023 - Feb 26, 2023",
            "total_customers": 1486,
            "new_customers": 274,
            "returning_customers": 1212,
            "new_percentage": 18.44,
            "returning_percentage": 81.56,
            "total_revenue": 26393.8,
            "new_customer_revenue": 4192.15,
            "returning_customer_revenue": 22201.65
        },
        {
            "week": "Feb 27, 2023 - Mar 05, 2023",
            "total_customers": 1480,
            "new_customers": 242,
            "returning_customers": 1238,
            "new_percentage": 16.35,
            "returning_percentage": 83.65,
            "total_revenue": 27791.55,
            "new_customer_revenue": 3863.0999999999995,
            "returning_customer_revenue": 23928.45
        },
        {
            "week": "Mar 06, 2023 - Mar 12, 2023",
            "total_customers": 1452,
            "new_customers": 252,
            "returning_customers": 1200,
            "new_percentage": 17.36,
            "returning_percentage": 82.64,
            "total_revenue": 26527.1,
            "new_customer_revenue": 4211.099999999999,
            "returning_customer_revenue": 22316.0
        },
        {
            "week": "Mar 13, 2023 - Mar 19, 2023",
            "total_customers": 1564,
            "new_customers": 298,
            "returning_customers": 1266,
            "new_percentage": 19.05,
            "returning_percentage": 80.95,
            "total_revenue": 29391.6,
            "new_customer_revenue": 6118.35,
            "returning_customer_revenue": 23273.25
        },
        {
            "week": "Mar 20, 2023 - Mar 26, 2023",
            "total_customers": 1560,
            "new_customers": 282,
            "returning_customers": 1278,
            "new_percentage": 18.08,
            "returning_percentage": 81.92,
            "total_revenue": 26582.45,
            "new_customer_revenue": 4403.799999999999,
            "returning_customer_revenue": 22178.65
        },
        {
            "week": "Mar 27, 2023 - Apr 02, 2023",
            "total_customers": 1629,
            "new_customers": 311,
            "returning_customers": 1318,
            "new_percentage": 19.09,
            "returning_percentage": 80.91,
            "total_revenue": 28168.210000000003,
            "new_customer_revenue": 4838.25,
            "returning_customer_revenue": 23329.960000000003
        },
        {
            "week": "Apr 03, 2023 - Apr 09, 2023",
            "total_customers": 1649,
            "new_customers": 308,
            "returning_customers": 1341,
            "new_percentage": 18.68,
            "returning_percentage": 81.32,
            "total_revenue": 27160.300000000003,
            "new_customer_revenue": 4481.55,
            "returning_customer_revenue": 22678.750000000004
        },
        {
            "week": "Apr 10, 2023 - Apr 16, 2023",
            "total_customers": 1560,
            "new_customers": 286,
            "returning_customers": 1274,
            "new_percentage": 18.33,
            "returning_percentage": 81.67,
            "total_revenue": 26255.15,
            "new_customer_revenue": 4263.2,
            "returning_customer_revenue": 21991.95
        },
        {
            "week": "Apr 17, 2023 - Apr 23, 2023",
            "total_customers": 1549,
            "new_customers": 285,
            "returning_customers": 1264,
            "new_percentage": 18.4,
            "returning_percentage": 81.6,
            "total_revenue": 26757.0,
            "new_customer_revenue": 4162.1,
            "returning_customer_revenue": 22594.9
        },
        {
            "week": "Apr 24, 2023 - Apr 30, 2023",
            "total_customers": 1709,
            "new_customers": 275,
            "returning_customers": 1434,
            "new_percentage": 16.09,
            "returning_percentage": 83.91,
            "total_revenue": 30750.5,
            "new_customer_revenue": 4494.85,
            "returning_customer_revenue": 26255.65
        },
        {
            "week": "May 01, 2023 - May 07, 2023",
            "total_customers": 1668,
            "new_customers": 270,
            "returning_customers": 1398,
            "new_percentage": 16.19,
            "returning_percentage": 83.81,
            "total_revenue": 29594.55,
            "new_customer_revenue": 4626.55,
            "returning_customer_revenue": 24968.0
        },
        {
            "week": "May 08, 2023 - May 14, 2023",
            "total_customers": 1502,
            "new_customers": 236,
            "returning_customers": 1266,
            "new_percentage": 15.71,
            "returning_percentage": 84.29,
            "total_revenue": 29225.399999999998,
            "new_customer_revenue": 4765.35,
            "returning_customer_revenue": 24460.049999999996
        },
        {
            "week": "May 15, 2023 - May 21, 2023",
            "total_customers": 1479,
            "new_customers": 261,
            "returning_customers": 1218,
            "new_percentage": 17.65,
            "returning_percentage": 82.35,
            "total_revenue": 27319.449999999997,
            "new_customer_revenue": 4926.299999999999,
            "returning_customer_revenue": 22393.149999999998
        },
        {
            "week": "May 22, 2023 - May 28, 2023",
            "total_customers": 1599,
            "new_customers": 279,
            "returning_customers": 1320,
            "new_percentage": 17.45,
            "returning_percentage": 82.55,
            "total_revenue": 30483.35,
            "new_customer_revenue": 6011.9,
            "returning_customer_revenue": 24471.449999999997
        },
        {
            "week": "May 29, 2023 - Jun 04, 2023",
            "total_customers": 1499,
            "new_customers": 257,
            "returning_customers": 1242,
            "new_percentage": 17.14,
            "returning_percentage": 82.86,
            "total_revenue": 30649.25,
            "new_customer_revenue": 4931.400000000001,
            "returning_customer_revenue": 25717.85
        },
        {
            "week": "Jun 05, 2023 - Jun 11, 2023",
            "total_customers": 1554,
            "new_customers": 298,
            "returning_customers": 1256,
            "new_percentage": 19.18,
            "returning_percentage": 80.82,
            "total_revenue": 29321.399999999998,
            "new_customer_revenue": 5067.799999999999,
            "returning_customer_revenue": 24253.6
        },
        {
            "week": "Jun 12, 2023 - Jun 18, 2023",
            "total_customers": 1645,
            "new_customers": 307,
            "returning_customers": 1338,
            "new_percentage": 18.66,
            "returning_percentage": 81.34,
            "total_revenue": 31228.6,
            "new_customer_revenue": 4726.199999999999,
            "returning_customer_revenue": 26502.4
        },
        {
            "week": "Jun 19, 2023 - Jun 25, 2023",
            "total_customers": 1599,
            "new_customers": 257,
            "returning_customers": 1342,
            "new_percentage": 16.07,
            "returning_percentage": 83.93,
            "total_revenue": 30212.1,
            "new_customer_revenue": 4560.5,
            "returning_customer_revenue": 25651.6
        },
        {
            "week": "Jun 26, 2023 - Jul 02, 2023",
            "total_customers": 1702,
            "new_customers": 311,
            "returning_customers": 1391,
            "new_percentage": 18.27,
            "returning_percentage": 81.73,
            "total_revenue": 34110.3,
            "new_customer_revenue": 6267.9,
            "returning_customer_revenue": 27842.4
        },
        {
            "week": "Jul 03, 2023 - Jul 09, 2023",
            "total_customers": 1613,
            "new_customers": 278,
            "returning_customers": 1335,
            "new_percentage": 17.23,
            "returning_percentage": 82.77,
            "total_revenue": 29160.8,
            "new_customer_revenue": 4755.9,
            "returning_customer_revenue": 24404.9
        },
        {
            "week": "Jul 10, 2023 - Jul 16, 2023",
            "total_customers": 1653,
            "new_customers": 321,
            "returning_customers": 1332,
            "new_percentage": 19.42,
            "returning_percentage": 80.58,
            "total_revenue": 30837.4,
            "new_customer_revenue": 5323.000000000001,
            "returning_customer_revenue": 25514.4
        },
        {
            "week": "Jul 17, 2023 - Jul 23, 2023",
            "total_customers": 1612,
            "new_customers": 297,
            "returning_customers": 1315,
            "new_percentage": 18.42,
            "returning_percentage": 81.58,
            "total_revenue": 30605.3,
            "new_customer_revenue": 6293.299999999999,
            "returning_customer_revenue": 24312.0
        },
        {
            "week": "Jul 24, 2023 - Jul 30, 2023",
            "total_customers": 1513,
            "new_customers": 242,
            "returning_customers": 1271,
            "new_percentage": 15.99,
            "returning_percentage": 84.01,
            "total_revenue": 26272.6,
            "new_customer_revenue": 4169.1,
            "returning_customer_revenue": 22103.5
        },
        {
            "week": "Jul 31, 2023 - Aug 06, 2023",
            "total_customers": 1449,
            "new_customers": 219,
            "returning_customers": 1230,
            "new_percentage": 15.11,
            "returning_percentage": 84.89,
            "total_revenue": 25842.8,
            "new_customer_revenue": 4412.8,
            "returning_customer_revenue": 21430.0
        },
        {
            "week": "Aug 07, 2023 - Aug 13, 2023",
            "total_customers": 1449,
            "new_customers": 249,
            "returning_customers": 1200,
            "new_percentage": 17.18,
            "returning_percentage": 82.82,
            "total_revenue": 26451.1,
            "new_customer_revenue": 4405.1,
            "returning_customer_revenue": 22046.0
        },
        {
            "week": "Aug 14, 2023 - Aug 20, 2023",
            "total_customers": 1448,
            "new_customers": 248,
            "returning_customers": 1200,
            "new_percentage": 17.13,
            "returning_percentage": 82.87,
            "total_revenue": 26247.5,
            "new_customer_revenue": 4703.6,
            "returning_customer_revenue": 21543.9
        },
        {
            "week": "Aug 21, 2023 - Aug 27, 2023",
            "total_customers": 1573,
            "new_customers": 265,
            "returning_customers": 1308,
            "new_percentage": 16.85,
            "returning_percentage": 83.15,
            "total_revenue": 28432.699999999997,
            "new_customer_revenue": 4644.9,
            "returning_customer_revenue": 23787.799999999996
        },
        {
            "week": "Aug 28, 2023 - Sep 03, 2023",
            "total_customers": 1441,
            "new_customers": 231,
            "returning_customers": 1210,
            "new_percentage": 16.03,
            "returning_percentage": 83.97,
            "total_revenue": 26416.5,
            "new_customer_revenue": 4740.3,
            "returning_customer_revenue": 21676.2
        },
        {
            "week": "Sep 04, 2023 - Sep 10, 2023",
            "total_customers": 1518,
            "new_customers": 280,
            "returning_customers": 1238,
            "new_percentage": 18.45,
            "returning_percentage": 81.55,
            "total_revenue": 28121.0,
            "new_customer_revenue": 5106.599999999999,
            "returning_customer_revenue": 23014.4
        },
        {
            "week": "Sep 11, 2023 - Sep 17, 2023",
            "total_customers": 1493,
            "new_customers": 257,
            "returning_customers": 1236,
            "new_percentage": 17.21,
            "returning_percentage": 82.79,
            "total_revenue": 28424.6,
            "new_customer_revenue": 5356.7,
            "returning_customer_revenue": 23067.899999999998
        },
        {
            "week": "Sep 18, 2023 - Sep 24, 2023",
            "total_customers": 1499,
            "new_customers": 244,
            "returning_customers": 1255,
            "new_percentage": 16.28,
            "returning_percentage": 83.72,
            "total_revenue": 27634.600000000002,
            "new_customer_revenue": 3778.7999999999997,
            "returning_customer_revenue": 23855.800000000003
        },
        {
            "week": "Sep 25, 2023 - Oct 01, 2023",
            "total_customers": 1518,
            "new_customers": 265,
            "returning_customers": 1253,
            "new_percentage": 17.46,
            "returning_percentage": 82.54,
            "total_revenue": 29244.3,
            "new_customer_revenue": 4928.1,
            "returning_customer_revenue": 24316.199999999997
        },
        {
            "week": "Oct 02, 2023 - Oct 08, 2023",
            "total_customers": 1414,
            "new_customers": 225,
            "returning_customers": 1189,
            "new_percentage": 15.91,
            "returning_percentage": 84.09,
            "total_revenue": 26185.0,
            "new_customer_revenue": 4187.900000000001,
            "returning_customer_revenue": 21997.1
        },
        {
            "week": "Oct 09, 2023 - Oct 15, 2023",
            "total_customers": 1483,
            "new_customers": 204,
            "returning_customers": 1279,
            "new_percentage": 13.76,
            "returning_percentage": 86.24,
            "total_revenue": 26450.9,
            "new_customer_revenue": 3174.4000000000005,
            "returning_customer_revenue": 23276.5
        },
        {
            "week": "Oct 16, 2023 - Oct 22, 2023",
            "total_customers": 1431,
            "new_customers": 224,
            "returning_customers": 1207,
            "new_percentage": 15.65,
            "returning_percentage": 84.35,
            "total_revenue": 25977.7,
            "new_customer_revenue": 4380.5,
            "returning_customer_revenue": 21597.2
        },
        {
            "week": "Oct 23, 2023 - Oct 29, 2023",
            "total_customers": 1474,
            "new_customers": 218,
            "returning_customers": 1256,
            "new_percentage": 14.79,
            "returning_percentage": 85.21,
            "total_revenue": 25302.199999999997,
            "new_customer_revenue": 4182.0,
            "returning_customer_revenue": 21120.199999999997
        },
        {
            "week": "Oct 30, 2023 - Nov 05, 2023",
            "total_customers": 1395,
            "new_customers": 204,
            "returning_customers": 1191,
            "new_percentage": 14.62,
            "returning_percentage": 85.38,
            "total_revenue": 24711.0,
            "new_customer_revenue": 3700.5,
            "returning_customer_revenue": 21010.5
        },
        {
            "week": "Nov 06, 2023 - Nov 12, 2023",
            "total_customers": 1445,
            "new_customers": 200,
            "returning_customers": 1245,
            "new_percentage": 13.84,
            "returning_percentage": 86.16,
            "total_revenue": 25504.199999999997,
            "new_customer_revenue": 3214.3999999999996,
            "returning_customer_revenue": 22289.799999999996
        },
        {
            "week": "Nov 13, 2023 - Nov 19, 2023",
            "total_customers": 1333,
            "new_customers": 207,
            "returning_customers": 1126,
            "new_percentage": 15.53,
            "returning_percentage": 84.47,
            "total_revenue": 22614.1,
            "new_customer_revenue": 3097.2000000000003,
            "returning_customer_revenue": 19516.899999999998
        },
        {
            "week": "Nov 20, 2023 - Nov 26, 2023",
            "total_customers": 1341,
            "new_customers": 221,
            "returning_customers": 1120,
            "new_percentage": 16.48,
            "returning_percentage": 83.52,
            "total_revenue": 22447.5,
            "new_customer_revenue": 3774.4999999999995,
            "returning_customer_revenue": 18673.0
        },
        {
            "week": "Nov 27, 2023 - Dec 03, 2023",
            "total_customers": 1533,
            "new_customers": 254,
            "returning_customers": 1279,
            "new_percentage": 16.57,
            "returning_percentage": 83.43,
            "total_revenue": 26217.800000000003,
            "new_customer_revenue": 3912.0000000000005,
            "returning_customer_revenue": 22305.800000000003
        },
        {
            "week": "Dec 04, 2023 - Dec 10, 2023",
            "total_customers": 1656,
            "new_customers": 280,
            "returning_customers": 1376,
            "new_percentage": 16.91,
            "returning_percentage": 83.09,
            "total_revenue": 29982.9,
            "new_customer_revenue": 4991.599999999999,
            "returning_customer_revenue": 24991.300000000003
        },
        {
            "week": "Dec 11, 2023 - Dec 17, 2023",
            "total_customers": 1770,
            "new_customers": 296,
            "returning_customers": 1474,
            "new_percentage": 16.72,
            "returning_percentage": 83.28,
            "total_revenue": 32475.1,
            "new_customer_revenue": 5516.1,
            "returning_customer_revenue": 26959.0
        },
        {
            "week": "Dec 18, 2023 - Dec 24, 2023",
            "total_customers": 1846,
            "new_customers": 290,
            "returning_customers": 1556,
            "new_percentage": 15.71,
            "returning_percentage": 84.29,
            "total_revenue": 32377.2,
            "new_customer_revenue": 5243.8,
            "returning_customer_revenue": 27133.4
        },
        {
            "week": "Dec 25, 2023 - Dec 31, 2023",
            "total_customers": 1801,
            "new_customers": 345,
            "returning_customers": 1456,
            "new_percentage": 19.16,
            "returning_percentage": 80.84,
            "total_revenue": 34562.81,
            "new_customer_revenue": 7380.610000000001,
            "returning_customer_revenue": 27182.199999999997
        },
        {
            "week": "Jan 01, 2024 - Jan 07, 2024",
            "total_customers": 1267,
            "new_customers": 164,
            "returning_customers": 1103,
            "new_percentage": 12.94,
            "returning_percentage": 87.06,
            "total_revenue": 23126.3,
            "new_customer_revenue": 3190.9999999999995,
            "returning_customer_revenue": 19935.3
        },
        {
            "week": "Jan 08, 2024 - Jan 14, 2024",
            "total_customers": 1068,
            "new_customers": 126,
            "returning_customers": 942,
            "new_percentage": 11.8,
            "returning_percentage": 88.2,
            "total_revenue": 19023.699999999997,
            "new_customer_revenue": 1798.7000000000003,
            "returning_customer_revenue": 17224.999999999996
        },
        {
            "week": "Jan 15, 2024 - Jan 21, 2024",
            "total_customers": 1264,
            "new_customers": 195,
            "returning_customers": 1069,
            "new_percentage": 15.43,
            "returning_percentage": 84.57,
            "total_revenue": 22737.129999999997,
            "new_customer_revenue": 3767.7999999999997,
            "returning_customer_revenue": 18969.329999999998
        },
        {
            "week": "Jan 22, 2024 - Jan 28, 2024",
            "total_customers": 1274,
            "new_customers": 168,
            "returning_customers": 1106,
            "new_percentage": 13.19,
            "returning_percentage": 86.81,
            "total_revenue": 22378.01,
            "new_customer_revenue": 3127.8,
            "returning_customer_revenue": 19250.21
        },
        {
            "week": "Jan 29, 2024 - Feb 04, 2024",
            "total_customers": 1202,
            "new_customers": 158,
            "returning_customers": 1044,
            "new_percentage": 13.14,
            "returning_percentage": 86.86,
            "total_revenue": 23014.23,
            "new_customer_revenue": 4074.4,
            "returning_customer_revenue": 18939.829999999998
        },
        {
            "week": "Feb 05, 2024 - Feb 11, 2024",
            "total_customers": 1268,
            "new_customers": 174,
            "returning_customers": 1094,
            "new_percentage": 13.72,
            "returning_percentage": 86.28,
            "total_revenue": 21981.93,
            "new_customer_revenue": 2763.2,
            "returning_customer_revenue": 19218.73
        },
        {
            "week": "Feb 12, 2024 - Feb 18, 2024",
            "total_customers": 1342,
            "new_customers": 221,
            "returning_customers": 1121,
            "new_percentage": 16.47,
            "returning_percentage": 83.53,
            "total_revenue": 23491.34,
            "new_customer_revenue": 4547.6,
            "returning_customer_revenue": 18943.739999999998
        },
        {
            "week": "Feb 19, 2024 - Feb 25, 2024",
            "total_customers": 1274,
            "new_customers": 194,
            "returning_customers": 1080,
            "new_percentage": 15.23,
            "returning_percentage": 84.77,
            "total_revenue": 24142.71,
            "new_customer_revenue": 4314.500000000001,
            "returning_customer_revenue": 19828.21
        },
        {
            "week": "Feb 26, 2024 - Mar 03, 2024",
            "total_customers": 1266,
            "new_customers": 170,
            "returning_customers": 1096,
            "new_percentage": 13.43,
            "returning_percentage": 86.57,
            "total_revenue": 21804.449999999997,
            "new_customer_revenue": 3645.3,
            "returning_customer_revenue": 18159.149999999998
        },
        {
            "week": "Mar 04, 2024 - Mar 10, 2024",
            "total_customers": 1246,
            "new_customers": 216,
            "returning_customers": 1030,
            "new_percentage": 17.34,
            "returning_percentage": 82.66,
            "total_revenue": 22266.06,
            "new_customer_revenue": 4305.8,
            "returning_customer_revenue": 17960.260000000002
        },
        {
            "week": "Mar 11, 2024 - Mar 17, 2024",
            "total_customers": 1410,
            "new_customers": 237,
            "returning_customers": 1173,
            "new_percentage": 16.81,
            "returning_percentage": 83.19,
            "total_revenue": 24372.300000000003,
            "new_customer_revenue": 3863.5999999999995,
            "returning_customer_revenue": 20508.700000000004
        },
        {
            "week": "Mar 18, 2024 - Mar 24, 2024",
            "total_customers": 1221,
            "new_customers": 186,
            "returning_customers": 1035,
            "new_percentage": 15.23,
            "returning_percentage": 84.77,
            "total_revenue": 21900.82,
            "new_customer_revenue": 3071.2999999999997,
            "returning_customer_revenue": 18829.52
        },
        {
            "week": "Mar 25, 2024 - Mar 31, 2024",
            "total_customers": 1481,
            "new_customers": 242,
            "returning_customers": 1239,
            "new_percentage": 16.34,
            "returning_percentage": 83.66,
            "total_revenue": 26605.82,
            "new_customer_revenue": 4672.299999999999,
            "returning_customer_revenue": 21933.52
        },
        {
            "week": "Apr 01, 2024 - Apr 07, 2024",
            "total_customers": 1127,
            "new_customers": 164,
            "returning_customers": 963,
            "new_percentage": 14.55,
            "returning_percentage": 85.45,
            "total_revenue": 20472.4,
            "new_customer_revenue": 3357.5,
            "returning_customer_revenue": 17114.9
        },
        {
            "week": "Apr 08, 2024 - Apr 14, 2024",
            "total_customers": 1255,
            "new_customers": 222,
            "returning_customers": 1033,
            "new_percentage": 17.69,
            "returning_percentage": 82.31,
            "total_revenue": 25232.199999999997,
            "new_customer_revenue": 4639.4,
            "returning_customer_revenue": 20592.799999999996
        },
        {
            "week": "Apr 15, 2024 - Apr 21, 2024",
            "total_customers": 1188,
            "new_customers": 160,
            "returning_customers": 1028,
            "new_percentage": 13.47,
            "returning_percentage": 86.53,
            "total_revenue": 22950.6,
            "new_customer_revenue": 3421.0,
            "returning_customer_revenue": 19529.6
        },
        {
            "week": "Apr 22, 2024 - Apr 28, 2024",
            "total_customers": 1113,
            "new_customers": 149,
            "returning_customers": 964,
            "new_percentage": 13.39,
            "returning_percentage": 86.61,
            "total_revenue": 20729.42,
            "new_customer_revenue": 2794.2,
            "returning_customer_revenue": 17935.219999999998
        },
        {
            "week": "Apr 29, 2024 - May 05, 2024",
            "total_customers": 1276,
            "new_customers": 212,
            "returning_customers": 1064,
            "new_percentage": 16.61,
            "returning_percentage": 83.39,
            "total_revenue": 24408.25,
            "new_customer_revenue": 5073.9,
            "returning_customer_revenue": 19334.35
        },
        {
            "week": "May 06, 2024 - May 12, 2024",
            "total_customers": 1156,
            "new_customers": 153,
            "returning_customers": 1003,
            "new_percentage": 13.24,
            "returning_percentage": 86.76,
            "total_revenue": 23878.71,
            "new_customer_revenue": 4005.5,
            "returning_customer_revenue": 19873.21
        },
        {
            "week": "May 13, 2024 - May 19, 2024",
            "total_customers": 1103,
            "new_customers": 165,
            "returning_customers": 938,
            "new_percentage": 14.96,
            "returning_percentage": 85.04,
            "total_revenue": 22034.43,
            "new_customer_revenue": 3602.3,
            "returning_customer_revenue": 18432.13
        },
        {
            "week": "May 20, 2024 - May 26, 2024",
            "total_customers": 1257,
            "new_customers": 194,
            "returning_customers": 1063,
            "new_percentage": 15.43,
            "returning_percentage": 84.57,
            "total_revenue": 25322.239999999998,
            "new_customer_revenue": 4922.1,
            "returning_customer_revenue": 20400.14
        },
        {
            "week": "May 27, 2024 - Jun 02, 2024",
            "total_customers": 1080,
            "new_customers": 146,
            "returning_customers": 934,
            "new_percentage": 13.52,
            "returning_percentage": 86.48,
            "total_revenue": 22065.809999999998,
            "new_customer_revenue": 3870.2999999999997,
            "returning_customer_revenue": 18195.51
        },
        {
            "week": "Jun 03, 2024 - Jun 09, 2024",
            "total_customers": 1155,
            "new_customers": 194,
            "returning_customers": 961,
            "new_percentage": 16.8,
            "returning_percentage": 83.2,
            "total_revenue": 25769.22,
            "new_customer_revenue": 5412.0,
            "returning_customer_revenue": 20357.22
        },
        {
            "week": "Jun 10, 2024 - Jun 16, 2024",
            "total_customers": 1191,
            "new_customers": 193,
            "returning_customers": 998,
            "new_percentage": 16.2,
            "returning_percentage": 83.8,
            "total_revenue": 25123.940000000002,
            "new_customer_revenue": 4360.6,
            "returning_customer_revenue": 20763.340000000004
        },
        {
            "week": "Jun 17, 2024 - Jun 23, 2024",
            "total_customers": 1155,
            "new_customers": 179,
            "returning_customers": 976,
            "new_percentage": 15.5,
            "returning_percentage": 84.5,
            "total_revenue": 23288.24,
            "new_customer_revenue": 4566.1,
            "returning_customer_revenue": 18722.14
        },
        {
            "week": "Jun 24, 2024 - Jun 30, 2024",
            "total_customers": 1199,
            "new_customers": 182,
            "returning_customers": 1017,
            "new_percentage": 15.18,
            "returning_percentage": 84.82,
            "total_revenue": 26630.440000000002,
            "new_customer_revenue": 4938.7,
            "returning_customer_revenue": 21691.74
        },
        {
            "week": "Jul 01, 2024 - Jul 07, 2024",
            "total_customers": 1210,
            "new_customers": 186,
            "returning_customers": 1024,
            "new_percentage": 15.37,
            "returning_percentage": 84.63,
            "total_revenue": 26480.14,
            "new_customer_revenue": 4755.799999999999,
            "returning_customer_revenue": 21724.34
        },
        {
            "week": "Jul 08, 2024 - Jul 14, 2024",
            "total_customers": 1275,
            "new_customers": 198,
            "returning_customers": 1077,
            "new_percentage": 15.53,
            "returning_percentage": 84.47,
            "total_revenue": 25809.219999999998,
            "new_customer_revenue": 4229.9,
            "returning_customer_revenue": 21579.32
        },
        {
            "week": "Jul 15, 2024 - Jul 21, 2024",
            "total_customers": 1108,
            "new_customers": 184,
            "returning_customers": 924,
            "new_percentage": 16.61,
            "returning_percentage": 83.39,
            "total_revenue": 24078.32,
            "new_customer_revenue": 3973.2,
            "returning_customer_revenue": 20105.12
        },
        {
            "week": "Jul 22, 2024 - Jul 28, 2024",
            "total_customers": 1113,
            "new_customers": 189,
            "returning_customers": 924,
            "new_percentage": 16.98,
            "returning_percentage": 83.02,
            "total_revenue": 23998.04,
            "new_customer_revenue": 4582.9,
            "returning_customer_revenue": 19415.14
        },
        {
            "week": "Jul 29, 2024 - Aug 04, 2024",
            "total_customers": 1095,
            "new_customers": 196,
            "returning_customers": 899,
            "new_percentage": 17.9,
            "returning_percentage": 82.1,
            "total_revenue": 25047.14,
            "new_customer_revenue": 5483.1,
            "returning_customer_revenue": 19564.04
        },
        {
            "week": "Aug 05, 2024 - Aug 11, 2024",
            "total_customers": 1059,
            "new_customers": 184,
            "returning_customers": 875,
            "new_percentage": 17.37,
            "returning_percentage": 82.63,
            "total_revenue": 23766.61,
            "new_customer_revenue": 4541.8,
            "returning_customer_revenue": 19224.81
        },
        {
            "week": "Aug 12, 2024 - Aug 18, 2024",
            "total_customers": 1007,
            "new_customers": 151,
            "returning_customers": 856,
            "new_percentage": 15.0,
            "returning_percentage": 85.0,
            "total_revenue": 21993.52,
            "new_customer_revenue": 3773.2,
            "returning_customer_revenue": 18220.32
        },
        {
            "week": "Aug 19, 2024 - Aug 25, 2024",
            "total_customers": 1127,
            "new_customers": 202,
            "returning_customers": 925,
            "new_percentage": 17.92,
            "returning_percentage": 82.08,
            "total_revenue": 24937.4,
            "new_customer_revenue": 4924.4,
            "returning_customer_revenue": 20013.0
        },
        {
            "week": "Aug 26, 2024 - Sep 01, 2024",
            "total_customers": 1037,
            "new_customers": 165,
            "returning_customers": 872,
            "new_percentage": 15.91,
            "returning_percentage": 84.09,
            "total_revenue": 24750.72,
            "new_customer_revenue": 3726.41,
            "returning_customer_revenue": 21024.31
        },
        {
            "week": "Sep 02, 2024 - Sep 08, 2024",
            "total_customers": 1187,
            "new_customers": 238,
            "returning_customers": 949,
            "new_percentage": 20.05,
            "returning_percentage": 79.95,
            "total_revenue": 27346.620000000003,
            "new_customer_revenue": 5753.6,
            "returning_customer_revenue": 21593.020000000004
        },
        {
            "week": "Sep 09, 2024 - Sep 15, 2024",
            "total_customers": 1097,
            "new_customers": 179,
            "returning_customers": 918,
            "new_percentage": 16.32,
            "returning_percentage": 83.68,
            "total_revenue": 23627.63,
            "new_customer_revenue": 4548.6,
            "returning_customer_revenue": 19079.03
        },
        {
            "week": "Sep 16, 2024 - Sep 22, 2024",
            "total_customers": 1099,
            "new_customers": 183,
            "returning_customers": 916,
            "new_percentage": 16.65,
            "returning_percentage": 83.35,
            "total_revenue": 25623.93,
            "new_customer_revenue": 4396.41,
            "returning_customer_revenue": 21227.52
        },
        {
            "week": "Sep 23, 2024 - Sep 29, 2024",
            "total_customers": 1126,
            "new_customers": 199,
            "returning_customers": 927,
            "new_percentage": 17.67,
            "returning_percentage": 82.33,
            "total_revenue": 25324.84,
            "new_customer_revenue": 4359.2,
            "returning_customer_revenue": 20965.64
        },
        {
            "week": "Sep 30, 2024 - Oct 06, 2024",
            "total_customers": 1055,
            "new_customers": 172,
            "returning_customers": 883,
            "new_percentage": 16.3,
            "returning_percentage": 83.7,
            "total_revenue": 22714.82,
            "new_customer_revenue": 3810.3,
            "returning_customer_revenue": 18904.52
        },
        {
            "week": "Oct 07, 2024 - Oct 13, 2024",
            "total_customers": 1017,
            "new_customers": 164,
            "returning_customers": 853,
            "new_percentage": 16.13,
            "returning_percentage": 83.87,
            "total_revenue": 21774.52,
            "new_customer_revenue": 3645.8999999999996,
            "returning_customer_revenue": 18128.620000000003
        },
        {
            "week": "Oct 14, 2024 - Oct 20, 2024",
            "total_customers": 1072,
            "new_customers": 168,
            "returning_customers": 904,
            "new_percentage": 15.67,
            "returning_percentage": 84.33,
            "total_revenue": 24154.61,
            "new_customer_revenue": 4204.4,
            "returning_customer_revenue": 19950.21
        },
        {
            "week": "Oct 21, 2024 - Oct 27, 2024",
            "total_customers": 1070,
            "new_customers": 187,
            "returning_customers": 883,
            "new_percentage": 17.48,
            "returning_percentage": 82.52,
            "total_revenue": 24147.600000000002,
            "new_customer_revenue": 4624.2,
            "returning_customer_revenue": 19523.4
        },
        {
            "week": "Oct 28, 2024 - Nov 03, 2024",
            "total_customers": 1049,
            "new_customers": 171,
            "returning_customers": 878,
            "new_percentage": 16.3,
            "returning_percentage": 83.7,
            "total_revenue": 21559.83,
            "new_customer_revenue": 3248.2,
            "returning_customer_revenue": 18311.63
        },
        {
            "week": "Nov 04, 2024 - Nov 10, 2024",
            "total_customers": 975,
            "new_customers": 166,
            "returning_customers": 809,
            "new_percentage": 17.03,
            "returning_percentage": 82.97,
            "total_revenue": 20084.21,
            "new_customer_revenue": 3836.6999999999994,
            "returning_customer_revenue": 16247.51
        },
        {
            "week": "Nov 11, 2024 - Nov 17, 2024",
            "total_customers": 1006,
            "new_customers": 160,
            "returning_customers": 846,
            "new_percentage": 15.9,
            "returning_percentage": 84.1,
            "total_revenue": 20263.92,
            "new_customer_revenue": 3350.5,
            "returning_customer_revenue": 16913.42
        },
        {
            "week": "Nov 18, 2024 - Nov 24, 2024",
            "total_customers": 1044,
            "new_customers": 160,
            "returning_customers": 884,
            "new_percentage": 15.33,
            "returning_percentage": 84.67,
            "total_revenue": 20953.61,
            "new_customer_revenue": 3520.2000000000007,
            "returning_customer_revenue": 17433.41
        },
        {
            "week": "Nov 25, 2024 - Dec 01, 2024",
            "total_customers": 1152,
            "new_customers": 190,
            "returning_customers": 962,
            "new_percentage": 16.49,
            "returning_percentage": 83.51,
            "total_revenue": 22705.82,
            "new_customer_revenue": 3538.81,
            "returning_customer_revenue": 19167.01
        },
        {
            "week": "Dec 02, 2024 - Dec 08, 2024",
            "total_customers": 1295,
            "new_customers": 216,
            "returning_customers": 1079,
            "new_percentage": 16.68,
            "returning_percentage": 83.32,
            "total_revenue": 25122.84,
            "new_customer_revenue": 5160.7,
            "returning_customer_revenue": 19962.14
        },
        {
            "week": "Dec 09, 2024 - Dec 15, 2024",
            "total_customers": 1349,
            "new_customers": 241,
            "returning_customers": 1108,
            "new_percentage": 17.87,
            "returning_percentage": 82.13,
            "total_revenue": 26359.120000000003,
            "new_customer_revenue": 5387.9,
            "returning_customer_revenue": 20971.22
        },
        {
            "week": "Dec 16, 2024 - Dec 22, 2024",
            "total_customers": 1424,
            "new_customers": 240,
            "returning_customers": 1184,
            "new_percentage": 16.85,
            "returning_percentage": 83.15,
            "total_revenue": 26537.500000000004,
            "new_customer_revenue": 4545.9,
            "returning_customer_revenue": 21991.600000000006
        },
        {
            "week": "Dec 23, 2024 - Dec 29, 2024",
            "total_customers": 1253,
            "new_customers": 244,
            "returning_customers": 1009,
            "new_percentage": 19.47,
            "returning_percentage": 80.53,
            "total_revenue": 26265.9,
            "new_customer_revenue": 4981.799999999999,
            "returning_customer_revenue": 21284.100000000002
        },
        {
            "week": "Dec 30, 2024 - Jan 05, 2025",
            "total_customers": 1162,
            "new_customers": 191,
            "returning_customers": 971,
            "new_percentage": 16.44,
            "returning_percentage": 83.56,
            "total_revenue": 22629.920000000002,
            "new_customer_revenue": 4213.219999999999,
            "returning_customer_revenue": 18416.700000000004
        },
        {
            "week": "Jan 06, 2025 - Jan 12, 2025",
            "total_customers": 1015,
            "new_customers": 170,
            "returning_customers": 845,
            "new_percentage": 16.75,
            "returning_percentage": 83.25,
            "total_revenue": 19628.1,
            "new_customer_revenue": 3670.0,
            "returning_customer_revenue": 15958.099999999999
        },
        {
            "week": "Jan 13, 2025 - Jan 19, 2025",
            "total_customers": 945,
            "new_customers": 114,
            "returning_customers": 831,
            "new_percentage": 12.06,
            "returning_percentage": 87.94,
            "total_revenue": 19994.3,
            "new_customer_revenue": 2612.7000000000003,
            "returning_customer_revenue": 17381.6
        },
        {
            "week": "Jan 20, 2025 - Jan 26, 2025",
            "total_customers": 1097,
            "new_customers": 162,
            "returning_customers": 935,
            "new_percentage": 14.77,
            "returning_percentage": 85.23,
            "total_revenue": 23134.42,
            "new_customer_revenue": 4310.4,
            "returning_customer_revenue": 18824.019999999997
        },
        {
            "week": "Jan 27, 2025 - Feb 02, 2025",
            "total_customers": 1092,
            "new_customers": 167,
            "returning_customers": 925,
            "new_percentage": 15.29,
            "returning_percentage": 84.71,
            "total_revenue": 20639.02,
            "new_customer_revenue": 3378.7000000000003,
            "returning_customer_revenue": 17260.32
        },
        {
            "week": "Feb 03, 2025 - Feb 09, 2025",
            "total_customers": 1083,
            "new_customers": 166,
            "returning_customers": 917,
            "new_percentage": 15.33,
            "returning_percentage": 84.67,
            "total_revenue": 22343.8,
            "new_customer_revenue": 3975.3999999999996,
            "returning_customer_revenue": 18368.4
        },
        {
            "week": "Feb 10, 2025 - Feb 16, 2025",
            "total_customers": 1119,
            "new_customers": 175,
            "returning_customers": 944,
            "new_percentage": 15.64,
            "returning_percentage": 84.36,
            "total_revenue": 23253.0,
            "new_customer_revenue": 4104.4,
            "returning_customer_revenue": 19148.6
        },
        {
            "week": "Feb 17, 2025 - Feb 23, 2025",
            "total_customers": 1068,
            "new_customers": 150,
            "returning_customers": 918,
            "new_percentage": 14.04,
            "returning_percentage": 85.96,
            "total_revenue": 21818.120000000003,
            "new_customer_revenue": 2991.0999999999995,
            "returning_customer_revenue": 18827.020000000004
        },
        {
            "week": "Feb 24, 2025 - Mar 02, 2025",
            "total_customers": 1070,
            "new_customers": 116,
            "returning_customers": 954,
            "new_percentage": 10.84,
            "returning_percentage": 89.16,
            "total_revenue": 21739.61,
            "new_customer_revenue": 2101.7,
            "returning_customer_revenue": 19637.91
        },
        {
            "week": "Mar 03, 2025 - Mar 09, 2025",
            "total_customers": 1117,
            "new_customers": 179,
            "returning_customers": 938,
            "new_percentage": 16.03,
            "returning_percentage": 83.97,
            "total_revenue": 22455.6,
            "new_customer_revenue": 3469.8,
            "returning_customer_revenue": 18985.8
        },
        {
            "week": "Mar 10, 2025 - Mar 16, 2025",
            "total_customers": 1083,
            "new_customers": 149,
            "returning_customers": 934,
            "new_percentage": 13.76,
            "returning_percentage": 86.24,
            "total_revenue": 21585.41,
            "new_customer_revenue": 3060.7000000000003,
            "returning_customer_revenue": 18524.71
        },
        {
            "week": "Mar 17, 2025 - Mar 23, 2025",
            "total_customers": 1097,
            "new_customers": 156,
            "returning_customers": 941,
            "new_percentage": 14.22,
            "returning_percentage": 85.78,
            "total_revenue": 22579.33,
            "new_customer_revenue": 3582.6,
            "returning_customer_revenue": 18996.730000000003
        },
        {
            "week": "Mar 24, 2025 - Mar 30, 2025",
            "total_customers": 1142,
            "new_customers": 187,
            "returning_customers": 955,
            "new_percentage": 16.37,
            "returning_percentage": 83.63,
            "total_revenue": 24795.01,
            "new_customer_revenue": 3919.9,
            "returning_customer_revenue": 20875.109999999997
        },
        {
            "week": "Mar 31, 2025 - Apr 06, 2025",
            "total_customers": 1119,
            "new_customers": 184,
            "returning_customers": 935,
            "new_percentage": 16.44,
            "returning_percentage": 83.56,
            "total_revenue": 27112.329999999998,
            "new_customer_revenue": 5040.6,
            "returning_customer_revenue": 22071.729999999996
        },
        {
            "week": "Apr 14, 2025 - Apr 20, 2025",
            "total_customers": 1074,
            "new_customers": 147,
            "returning_customers": 927,
            "new_percentage": 13.69,
            "returning_percentage": 86.31,
            "total_revenue": 23954.2,
            "new_customer_revenue": 5018.3,
            "returning_customer_revenue": 18935.9
        },
        {
            "week": "Apr 21, 2025 - Apr 27, 2025",
            "total_customers": 1002,
            "new_customers": 143,
            "returning_customers": 859,
            "new_percentage": 14.27,
            "returning_percentage": 85.73,
            "total_revenue": 22324.510000000002,
            "new_customer_revenue": 4113.0,
            "returning_customer_revenue": 18211.510000000002
        }
    ]
}