{
    "weekly_breakdown": [
        {
            "week": "Jan 03, 2022 - Jan 09, 2022",
            "total_customers": 7,
            "new_customers": 7,
            "returning_customers": 0,
            "new_percentage": 100.0,
            "returning_percentage": 0.0,
            "total_revenue": 455.0,
            "new_customer_revenue": 455.0,
            "returning_customer_revenue": 0.0
        },
        {
            "week": "Jan 10, 2022 - Jan 16, 2022",
            "total_customers": 10,
            "new_customers": 10,
            "returning_customers": 0,
            "new_percentage": 100.0,
            "returning_percentage": 0.0,
            "total_revenue": 805.0,
            "new_customer_revenue": 805.0,
            "returning_customer_revenue": 0.0
        },
        {
            "week": "Jan 17, 2022 - Jan 23, 2022",
            "total_customers": 8,
            "new_customers": 8,
            "returning_customers": 0,
            "new_percentage": 100.0,
            "returning_percentage": 0.0,
            "total_revenue": 925.0,
            "new_customer_revenue": 925.0,
            "returning_customer_revenue": 0.0
        },
        {
            "week": "Jan 24, 2022 - Jan 30, 2022",
            "total_customers": 4,
            "new_customers": 4,
            "returning_customers": 0,
            "new_percentage": 100.0,
            "returning_percentage": 0.0,
            "total_revenue": 325.0,
            "new_customer_revenue": 325.0,
            "returning_customer_revenue": 0.0
        },
        {
            "week": "Jan 31, 2022 - Feb 06, 2022",
            "total_customers": 7,
            "new_customers": 6,
            "returning_customers": 1,
            "new_percentage": 85.71,
            "returning_percentage": 14.29,
            "total_revenue": 689.1,
            "new_customer_revenue": 593.5,
            "returning_customer_revenue": 95.60000000000002
        },
        {
            "week": "Feb 07, 2022 - Feb 13, 2022",
            "total_customers": 8,
            "new_customers": 8,
            "returning_customers": 0,
            "new_percentage": 100.0,
            "returning_percentage": 0.0,
            "total_revenue": 575.0,
            "new_customer_revenue": 575.0,
            "returning_customer_revenue": 0.0
        },
        {
            "week": "Feb 14, 2022 - Feb 20, 2022",
            "total_customers": 13,
            "new_customers": 11,
            "returning_customers": 2,
            "new_percentage": 84.62,
            "returning_percentage": 15.38,
            "total_revenue": 1573.2,
            "new_customer_revenue": 1373.2,
            "returning_customer_revenue": 200.0
        },
        {
            "week": "Feb 21, 2022 - Feb 27, 2022",
            "total_customers": 10,
            "new_customers": 9,
            "returning_customers": 1,
            "new_percentage": 90.0,
            "returning_percentage": 10.0,
            "total_revenue": 767.5,
            "new_customer_revenue": 702.5,
            "returning_customer_revenue": 65.0
        },
        {
            "week": "Feb 28, 2022 - Mar 06, 2022",
            "total_customers": 16,
            "new_customers": 14,
            "returning_customers": 2,
            "new_percentage": 87.5,
            "returning_percentage": 12.5,
            "total_revenue": 1571.6,
            "new_customer_revenue": 1441.6,
            "returning_customer_revenue": 130.0
        },
        {
            "week": "Mar 07, 2022 - Mar 13, 2022",
            "total_customers": 5,
            "new_customers": 4,
            "returning_customers": 1,
            "new_percentage": 80.0,
            "returning_percentage": 20.0,
            "total_revenue": 355.0,
            "new_customer_revenue": 290.0,
            "returning_customer_revenue": 65.0
        },
        {
            "week": "Mar 14, 2022 - Mar 20, 2022",
            "total_customers": 14,
            "new_customers": 11,
            "returning_customers": 3,
            "new_percentage": 78.57,
            "returning_percentage": 21.43,
            "total_revenue": 1230.4,
            "new_customer_revenue": 880.4,
            "returning_customer_revenue": 350.0000000000001
        },
        {
            "week": "Mar 21, 2022 - Mar 27, 2022",
            "total_customers": 10,
            "new_customers": 7,
            "returning_customers": 3,
            "new_percentage": 70.0,
            "returning_percentage": 30.0,
            "total_revenue": 905.0,
            "new_customer_revenue": 650.0,
            "returning_customer_revenue": 255.0
        },
        {
            "week": "Mar 28, 2022 - Apr 03, 2022",
            "total_customers": 17,
            "new_customers": 16,
            "returning_customers": 1,
            "new_percentage": 94.12,
            "returning_percentage": 5.88,
            "total_revenue": 1382.3,
            "new_customer_revenue": 1317.3,
            "returning_customer_revenue": 65.0
        },
        {
            "week": "Apr 04, 2022 - Apr 10, 2022",
            "total_customers": 23,
            "new_customers": 20,
            "returning_customers": 3,
            "new_percentage": 86.96,
            "returning_percentage": 13.04,
            "total_revenue": 2069.0,
            "new_customer_revenue": 1854.0,
            "returning_customer_revenue": 215.0
        },
        {
            "week": "Apr 11, 2022 - Apr 17, 2022",
            "total_customers": 19,
            "new_customers": 15,
            "returning_customers": 4,
            "new_percentage": 78.95,
            "returning_percentage": 21.05,
            "total_revenue": 2188.5,
            "new_customer_revenue": 1888.5,
            "returning_customer_revenue": 300.0
        },
        {
            "week": "Apr 18, 2022 - Apr 24, 2022",
            "total_customers": 20,
            "new_customers": 15,
            "returning_customers": 5,
            "new_percentage": 75.0,
            "returning_percentage": 25.0,
            "total_revenue": 1365.0,
            "new_customer_revenue": 1010.0,
            "returning_customer_revenue": 355.0
        },
        {
            "week": "Apr 25, 2022 - May 01, 2022",
            "total_customers": 32,
            "new_customers": 26,
            "returning_customers": 6,
            "new_percentage": 81.25,
            "returning_percentage": 18.75,
            "total_revenue": 2657.0,
            "new_customer_revenue": 2167.0,
            "returning_customer_revenue": 490.0
        },
        {
            "week": "May 02, 2022 - May 08, 2022",
            "total_customers": 32,
            "new_customers": 22,
            "returning_customers": 10,
            "new_percentage": 68.75,
            "returning_percentage": 31.25,
            "total_revenue": 2582.8,
            "new_customer_revenue": 1805.0,
            "returning_customer_revenue": 777.8000000000002
        },
        {
            "week": "May 09, 2022 - May 15, 2022",
            "total_customers": 37,
            "new_customers": 22,
            "returning_customers": 15,
            "new_percentage": 59.46,
            "returning_percentage": 40.54,
            "total_revenue": 3146.1,
            "new_customer_revenue": 2010.0,
            "returning_customer_revenue": 1136.1
        },
        {
            "week": "Jun 27, 2022 - Jul 03, 2022",
            "total_customers": 38,
            "new_customers": 33,
            "returning_customers": 5,
            "new_percentage": 86.84,
            "returning_percentage": 13.16,
            "total_revenue": 3239.7,
            "new_customer_revenue": 2845.0,
            "returning_customer_revenue": 394.6999999999998
        },
        {
            "week": "Jul 11, 2022 - Jul 17, 2022",
            "total_customers": 10,
            "new_customers": 8,
            "returning_customers": 2,
            "new_percentage": 80.0,
            "returning_percentage": 20.0,
            "total_revenue": 1190.0,
            "new_customer_revenue": 1055.0,
            "returning_customer_revenue": 135.0
        },
        {
            "week": "Jul 18, 2022 - Jul 24, 2022",
            "total_customers": 51,
            "new_customers": 41,
            "returning_customers": 10,
            "new_percentage": 80.39,
            "returning_percentage": 19.61,
            "total_revenue": 5280.1,
            "new_customer_revenue": 4490.1,
            "returning_customer_revenue": 790.0
        },
        {
            "week": "Sep 19, 2022 - Sep 25, 2022",
            "total_customers": 25,
            "new_customers": 21,
            "returning_customers": 4,
            "new_percentage": 84.0,
            "returning_percentage": 16.0,
            "total_revenue": 1952.0,
            "new_customer_revenue": 1638.1,
            "returning_customer_revenue": 313.9000000000001
        },
        {
            "week": "Sep 26, 2022 - Oct 02, 2022",
            "total_customers": 67,
            "new_customers": 58,
            "returning_customers": 9,
            "new_percentage": 86.57,
            "returning_percentage": 13.43,
            "total_revenue": 5800.8,
            "new_customer_revenue": 5145.8,
            "returning_customer_revenue": 655.0
        },
        {
            "week": "Oct 03, 2022 - Oct 09, 2022",
            "total_customers": 56,
            "new_customers": 39,
            "returning_customers": 17,
            "new_percentage": 69.64,
            "returning_percentage": 30.36,
            "total_revenue": 4492.5,
            "new_customer_revenue": 3160.5,
            "returning_customer_revenue": 1332.0
        },
        {
            "week": "Oct 10, 2022 - Oct 16, 2022",
            "total_customers": 46,
            "new_customers": 25,
            "returning_customers": 21,
            "new_percentage": 54.35,
            "returning_percentage": 45.65,
            "total_revenue": 3659.6,
            "new_customer_revenue": 1979.4,
            "returning_customer_revenue": 1680.1999999999998
        },
        {
            "week": "Oct 17, 2022 - Oct 23, 2022",
            "total_customers": 42,
            "new_customers": 21,
            "returning_customers": 21,
            "new_percentage": 50.0,
            "returning_percentage": 50.0,
            "total_revenue": 3345.0,
            "new_customer_revenue": 1620.0,
            "returning_customer_revenue": 1725.0
        },
        {
            "week": "Oct 24, 2022 - Oct 30, 2022",
            "total_customers": 5,
            "new_customers": 2,
            "returning_customers": 3,
            "new_percentage": 40.0,
            "returning_percentage": 60.0,
            "total_revenue": 355.0,
            "new_customer_revenue": 140.0,
            "returning_customer_revenue": 215.0
        },
        {
            "week": "Oct 31, 2022 - Nov 06, 2022",
            "total_customers": 46,
            "new_customers": 35,
            "returning_customers": 11,
            "new_percentage": 76.09,
            "returning_percentage": 23.91,
            "total_revenue": 3882.6000000000004,
            "new_customer_revenue": 2912.6,
            "returning_customer_revenue": 970.0000000000005
        },
        {
            "week": "Nov 07, 2022 - Nov 13, 2022",
            "total_customers": 39,
            "new_customers": 24,
            "returning_customers": 15,
            "new_percentage": 61.54,
            "returning_percentage": 38.46,
            "total_revenue": 3364.1,
            "new_customer_revenue": 2119.1,
            "returning_customer_revenue": 1245.0
        },
        {
            "week": "Nov 14, 2022 - Nov 20, 2022",
            "total_customers": 26,
            "new_customers": 14,
            "returning_customers": 12,
            "new_percentage": 53.85,
            "returning_percentage": 46.15,
            "total_revenue": 2243.0,
            "new_customer_revenue": 1238.8,
            "returning_customer_revenue": 1004.2
        },
        {
            "week": "Nov 21, 2022 - Nov 27, 2022",
            "total_customers": 52,
            "new_customers": 35,
            "returning_customers": 17,
            "new_percentage": 67.31,
            "returning_percentage": 32.69,
            "total_revenue": 4671.3,
            "new_customer_revenue": 3196.3,
            "returning_customer_revenue": 1475.0
        },
        {
            "week": "Nov 28, 2022 - Dec 04, 2022",
            "total_customers": 29,
            "new_customers": 12,
            "returning_customers": 17,
            "new_percentage": 41.38,
            "returning_percentage": 58.62,
            "total_revenue": 2640.0,
            "new_customer_revenue": 1140.0,
            "returning_customer_revenue": 1500.0
        },
        {
            "week": "Dec 05, 2022 - Dec 11, 2022",
            "total_customers": 39,
            "new_customers": 20,
            "returning_customers": 19,
            "new_percentage": 51.28,
            "returning_percentage": 48.72,
            "total_revenue": 4511.1,
            "new_customer_revenue": 2937.3999999999996,
            "returning_customer_revenue": 1573.7000000000007
        },
        {
            "week": "Dec 12, 2022 - Dec 18, 2022",
            "total_customers": 54,
            "new_customers": 34,
            "returning_customers": 20,
            "new_percentage": 62.96,
            "returning_percentage": 37.04,
            "total_revenue": 4856.4,
            "new_customer_revenue": 3066.4,
            "returning_customer_revenue": 1789.9999999999995
        },
        {
            "week": "Dec 19, 2022 - Dec 25, 2022",
            "total_customers": 27,
            "new_customers": 12,
            "returning_customers": 15,
            "new_percentage": 44.44,
            "returning_percentage": 55.56,
            "total_revenue": 2620.55,
            "new_customer_revenue": 1460.5500000000002,
            "returning_customer_revenue": 1160.0
        },
        {
            "week": "Dec 26, 2022 - Jan 01, 2023",
            "total_customers": 28,
            "new_customers": 17,
            "returning_customers": 11,
            "new_percentage": 60.71,
            "returning_percentage": 39.29,
            "total_revenue": 2415.3999999999996,
            "new_customer_revenue": 1615.4,
            "returning_customer_revenue": 799.9999999999995
        },
        {
            "week": "Jan 02, 2023 - Jan 08, 2023",
            "total_customers": 31,
            "new_customers": 14,
            "returning_customers": 17,
            "new_percentage": 45.16,
            "returning_percentage": 54.84,
            "total_revenue": 2540.0,
            "new_customer_revenue": 1145.0,
            "returning_customer_revenue": 1395.0
        },
        {
            "week": "Jan 09, 2023 - Jan 15, 2023",
            "total_customers": 22,
            "new_customers": 12,
            "returning_customers": 10,
            "new_percentage": 54.55,
            "returning_percentage": 45.45,
            "total_revenue": 1830.7,
            "new_customer_revenue": 915.7,
            "returning_customer_revenue": 915.0
        },
        {
            "week": "Jan 16, 2023 - Jan 22, 2023",
            "total_customers": 37,
            "new_customers": 16,
            "returning_customers": 21,
            "new_percentage": 43.24,
            "returning_percentage": 56.76,
            "total_revenue": 3313.4,
            "new_customer_revenue": 1275.0,
            "returning_customer_revenue": 2038.4
        },
        {
            "week": "Jan 23, 2023 - Jan 29, 2023",
            "total_customers": 22,
            "new_customers": 10,
            "returning_customers": 12,
            "new_percentage": 45.45,
            "returning_percentage": 54.55,
            "total_revenue": 2075.0,
            "new_customer_revenue": 1125.0,
            "returning_customer_revenue": 950.0
        },
        {
            "week": "Jan 30, 2023 - Feb 05, 2023",
            "total_customers": 30,
            "new_customers": 21,
            "returning_customers": 9,
            "new_percentage": 70.0,
            "returning_percentage": 30.0,
            "total_revenue": 3145.0,
            "new_customer_revenue": 2375.0,
            "returning_customer_revenue": 770.0
        },
        {
            "week": "Feb 06, 2023 - Feb 12, 2023",
            "total_customers": 36,
            "new_customers": 13,
            "returning_customers": 23,
            "new_percentage": 36.11,
            "returning_percentage": 63.89,
            "total_revenue": 3533.8999999999996,
            "new_customer_revenue": 1638.9,
            "returning_customer_revenue": 1894.9999999999995
        },
        {
            "week": "Feb 13, 2023 - Feb 19, 2023",
            "total_customers": 32,
            "new_customers": 18,
            "returning_customers": 14,
            "new_percentage": 56.25,
            "returning_percentage": 43.75,
            "total_revenue": 2990.0,
            "new_customer_revenue": 1870.0,
            "returning_customer_revenue": 1120.0
        },
        {
            "week": "Feb 20, 2023 - Feb 26, 2023",
            "total_customers": 32,
            "new_customers": 15,
            "returning_customers": 17,
            "new_percentage": 46.88,
            "returning_percentage": 53.12,
            "total_revenue": 2471.5,
            "new_customer_revenue": 1177.0,
            "returning_customer_revenue": 1294.5
        },
        {
            "week": "Feb 27, 2023 - Mar 05, 2023",
            "total_customers": 50,
            "new_customers": 25,
            "returning_customers": 25,
            "new_percentage": 50.0,
            "returning_percentage": 50.0,
            "total_revenue": 4655.0,
            "new_customer_revenue": 2465.0,
            "returning_customer_revenue": 2190.0
        },
        {
            "week": "Mar 06, 2023 - Mar 12, 2023",
            "total_customers": 41,
            "new_customers": 15,
            "returning_customers": 26,
            "new_percentage": 36.59,
            "returning_percentage": 63.41,
            "total_revenue": 3413.4,
            "new_customer_revenue": 1223.8,
            "returning_customer_revenue": 2189.6000000000004
        },
        {
            "week": "Mar 13, 2023 - Mar 19, 2023",
            "total_customers": 43,
            "new_customers": 22,
            "returning_customers": 21,
            "new_percentage": 51.16,
            "returning_percentage": 48.84,
            "total_revenue": 4298.9,
            "new_customer_revenue": 2568.9,
            "returning_customer_revenue": 1729.9999999999995
        },
        {
            "week": "Mar 20, 2023 - Mar 26, 2023",
            "total_customers": 39,
            "new_customers": 14,
            "returning_customers": 25,
            "new_percentage": 35.9,
            "returning_percentage": 64.1,
            "total_revenue": 3178.2,
            "new_customer_revenue": 1102.1,
            "returning_customer_revenue": 2076.1
        },
        {
            "week": "Mar 27, 2023 - Apr 02, 2023",
            "total_customers": 34,
            "new_customers": 11,
            "returning_customers": 23,
            "new_percentage": 32.35,
            "returning_percentage": 67.65,
            "total_revenue": 2937.8,
            "new_customer_revenue": 1252.7,
            "returning_customer_revenue": 1685.1000000000001
        },
        {
            "week": "Apr 03, 2023 - Apr 09, 2023",
            "total_customers": 36,
            "new_customers": 18,
            "returning_customers": 18,
            "new_percentage": 50.0,
            "returning_percentage": 50.0,
            "total_revenue": 2885.05,
            "new_customer_revenue": 1456.9,
            "returning_customer_revenue": 1428.15
        },
        {
            "week": "Apr 10, 2023 - Apr 16, 2023",
            "total_customers": 23,
            "new_customers": 8,
            "returning_customers": 15,
            "new_percentage": 34.78,
            "returning_percentage": 65.22,
            "total_revenue": 1890.0,
            "new_customer_revenue": 745.0,
            "returning_customer_revenue": 1145.0
        },
        {
            "week": "Apr 17, 2023 - Apr 23, 2023",
            "total_customers": 36,
            "new_customers": 16,
            "returning_customers": 20,
            "new_percentage": 44.44,
            "returning_percentage": 55.56,
            "total_revenue": 2988.7,
            "new_customer_revenue": 1398.7,
            "returning_customer_revenue": 1589.9999999999998
        },
        {
            "week": "Apr 24, 2023 - Apr 30, 2023",
            "total_customers": 52,
            "new_customers": 22,
            "returning_customers": 30,
            "new_percentage": 42.31,
            "returning_percentage": 57.69,
            "total_revenue": 4328.299999999999,
            "new_customer_revenue": 1893.3,
            "returning_customer_revenue": 2434.999999999999
        },
        {
            "week": "May 01, 2023 - May 07, 2023",
            "total_customers": 47,
            "new_customers": 24,
            "returning_customers": 23,
            "new_percentage": 51.06,
            "returning_percentage": 48.94,
            "total_revenue": 4095.0,
            "new_customer_revenue": 1830.0,
            "returning_customer_revenue": 2265.0
        },
        {
            "week": "May 08, 2023 - May 14, 2023",
            "total_customers": 63,
            "new_customers": 32,
            "returning_customers": 31,
            "new_percentage": 50.79,
            "returning_percentage": 49.21,
            "total_revenue": 5268.4,
            "new_customer_revenue": 2722.3,
            "returning_customer_revenue": 2546.0999999999995
        },
        {
            "week": "May 15, 2023 - May 21, 2023",
            "total_customers": 54,
            "new_customers": 24,
            "returning_customers": 30,
            "new_percentage": 44.44,
            "returning_percentage": 55.56,
            "total_revenue": 4431.7,
            "new_customer_revenue": 2141.2,
            "returning_customer_revenue": 2290.5
        },
        {
            "week": "May 22, 2023 - May 28, 2023",
            "total_customers": 52,
            "new_customers": 25,
            "returning_customers": 27,
            "new_percentage": 48.08,
            "returning_percentage": 51.92,
            "total_revenue": 5065.0,
            "new_customer_revenue": 2825.0,
            "returning_customer_revenue": 2240.0
        },
        {
            "week": "May 29, 2023 - Jun 04, 2023",
            "total_customers": 78,
            "new_customers": 38,
            "returning_customers": 40,
            "new_percentage": 48.72,
            "returning_percentage": 51.28,
            "total_revenue": 8053.2,
            "new_customer_revenue": 3685.7,
            "returning_customer_revenue": 4367.5
        },
        {
            "week": "Jun 05, 2023 - Jun 11, 2023",
            "total_customers": 65,
            "new_customers": 27,
            "returning_customers": 38,
            "new_percentage": 41.54,
            "returning_percentage": 58.46,
            "total_revenue": 5412.1,
            "new_customer_revenue": 2013.1,
            "returning_customer_revenue": 3399.0000000000005
        },
        {
            "week": "Jun 12, 2023 - Jun 18, 2023",
            "total_customers": 62,
            "new_customers": 25,
            "returning_customers": 37,
            "new_percentage": 40.32,
            "returning_percentage": 59.68,
            "total_revenue": 6001.6,
            "new_customer_revenue": 2086.6,
            "returning_customer_revenue": 3915.0000000000005
        },
        {
            "week": "Jun 19, 2023 - Jun 25, 2023",
            "total_customers": 57,
            "new_customers": 25,
            "returning_customers": 32,
            "new_percentage": 43.86,
            "returning_percentage": 56.14,
            "total_revenue": 4871.3,
            "new_customer_revenue": 2184.8,
            "returning_customer_revenue": 2686.5
        },
        {
            "week": "Jun 26, 2023 - Jul 02, 2023",
            "total_customers": 67,
            "new_customers": 22,
            "returning_customers": 45,
            "new_percentage": 32.84,
            "returning_percentage": 67.16,
            "total_revenue": 6980.0,
            "new_customer_revenue": 2760.0,
            "returning_customer_revenue": 4220.0
        },
        {
            "week": "Jul 03, 2023 - Jul 09, 2023",
            "total_customers": 45,
            "new_customers": 19,
            "returning_customers": 26,
            "new_percentage": 42.22,
            "returning_percentage": 57.78,
            "total_revenue": 3708.2,
            "new_customer_revenue": 1578.1999999999998,
            "returning_customer_revenue": 2130.0
        },
        {
            "week": "Jul 10, 2023 - Jul 16, 2023",
            "total_customers": 55,
            "new_customers": 26,
            "returning_customers": 29,
            "new_percentage": 47.27,
            "returning_percentage": 52.73,
            "total_revenue": 4645.0,
            "new_customer_revenue": 2225.0,
            "returning_customer_revenue": 2420.0
        },
        {
            "week": "Jul 17, 2023 - Jul 23, 2023",
            "total_customers": 61,
            "new_customers": 36,
            "returning_customers": 25,
            "new_percentage": 59.02,
            "returning_percentage": 40.98,
            "total_revenue": 5844.5,
            "new_customer_revenue": 3742.0,
            "returning_customer_revenue": 2102.5
        },
        {
            "week": "Jul 24, 2023 - Jul 30, 2023",
            "total_customers": 40,
            "new_customers": 19,
            "returning_customers": 21,
            "new_percentage": 47.5,
            "returning_percentage": 52.5,
            "total_revenue": 3295.8,
            "new_customer_revenue": 1625.8,
            "returning_customer_revenue": 1670.0000000000002
        },
        {
            "week": "Jul 31, 2023 - Aug 06, 2023",
            "total_customers": 47,
            "new_customers": 23,
            "returning_customers": 24,
            "new_percentage": 48.94,
            "returning_percentage": 51.06,
            "total_revenue": 4154.5,
            "new_customer_revenue": 2200.6,
            "returning_customer_revenue": 1953.9
        },
        {
            "week": "Aug 07, 2023 - Aug 13, 2023",
            "total_customers": 52,
            "new_customers": 23,
            "returning_customers": 29,
            "new_percentage": 44.23,
            "returning_percentage": 55.77,
            "total_revenue": 4472.9,
            "new_customer_revenue": 2109.7,
            "returning_customer_revenue": 2363.2
        },
        {
            "week": "Aug 14, 2023 - Aug 20, 2023",
            "total_customers": 49,
            "new_customers": 26,
            "returning_customers": 23,
            "new_percentage": 53.06,
            "returning_percentage": 46.94,
            "total_revenue": 4259.799999999999,
            "new_customer_revenue": 2381.1,
            "returning_customer_revenue": 1878.6999999999994
        },
        {
            "week": "Aug 21, 2023 - Aug 27, 2023",
            "total_customers": 63,
            "new_customers": 27,
            "returning_customers": 36,
            "new_percentage": 42.86,
            "returning_percentage": 57.14,
            "total_revenue": 5579.3,
            "new_customer_revenue": 2535.0,
            "returning_customer_revenue": 3044.3
        },
        {
            "week": "Aug 28, 2023 - Sep 03, 2023",
            "total_customers": 65,
            "new_customers": 35,
            "returning_customers": 30,
            "new_percentage": 53.85,
            "returning_percentage": 46.15,
            "total_revenue": 5612.1,
            "new_customer_revenue": 3217.1,
            "returning_customer_revenue": 2395.0000000000005
        },
        {
            "week": "Sep 04, 2023 - Sep 10, 2023",
            "total_customers": 63,
            "new_customers": 35,
            "returning_customers": 28,
            "new_percentage": 55.56,
            "returning_percentage": 44.44,
            "total_revenue": 5045.0,
            "new_customer_revenue": 2875.0,
            "returning_customer_revenue": 2170.0
        },
        {
            "week": "Sep 11, 2023 - Sep 17, 2023",
            "total_customers": 69,
            "new_customers": 27,
            "returning_customers": 42,
            "new_percentage": 39.13,
            "returning_percentage": 60.87,
            "total_revenue": 5631.700000000001,
            "new_customer_revenue": 2324.3,
            "returning_customer_revenue": 3307.4000000000005
        },
        {
            "week": "Sep 18, 2023 - Sep 24, 2023",
            "total_customers": 71,
            "new_customers": 19,
            "returning_customers": 52,
            "new_percentage": 26.76,
            "returning_percentage": 73.24,
            "total_revenue": 5446.7,
            "new_customer_revenue": 1526.7,
            "returning_customer_revenue": 3920.0
        },
        {
            "week": "Sep 25, 2023 - Oct 01, 2023",
            "total_customers": 79,
            "new_customers": 30,
            "returning_customers": 49,
            "new_percentage": 37.97,
            "returning_percentage": 62.03,
            "total_revenue": 6238.200000000001,
            "new_customer_revenue": 2271.7,
            "returning_customer_revenue": 3966.500000000001
        },
        {
            "week": "Oct 02, 2023 - Oct 08, 2023",
            "total_customers": 54,
            "new_customers": 24,
            "returning_customers": 30,
            "new_percentage": 44.44,
            "returning_percentage": 55.56,
            "total_revenue": 4235.0,
            "new_customer_revenue": 1920.0,
            "returning_customer_revenue": 2315.0
        },
        {
            "week": "Oct 09, 2023 - Oct 15, 2023",
            "total_customers": 44,
            "new_customers": 12,
            "returning_customers": 32,
            "new_percentage": 27.27,
            "returning_percentage": 72.73,
            "total_revenue": 3965.0,
            "new_customer_revenue": 1040.0,
            "returning_customer_revenue": 2925.0
        },
        {
            "week": "Oct 16, 2023 - Oct 22, 2023",
            "total_customers": 55,
            "new_customers": 19,
            "returning_customers": 36,
            "new_percentage": 34.55,
            "returning_percentage": 65.45,
            "total_revenue": 4880.0,
            "new_customer_revenue": 1980.0,
            "returning_customer_revenue": 2900.0
        },
        {
            "week": "Oct 23, 2023 - Oct 29, 2023",
            "total_customers": 45,
            "new_customers": 18,
            "returning_customers": 27,
            "new_percentage": 40.0,
            "returning_percentage": 60.0,
            "total_revenue": 4182.5,
            "new_customer_revenue": 1902.5,
            "returning_customer_revenue": 2280.0
        },
        {
            "week": "Oct 30, 2023 - Nov 05, 2023",
            "total_customers": 33,
            "new_customers": 12,
            "returning_customers": 21,
            "new_percentage": 36.36,
            "returning_percentage": 63.64,
            "total_revenue": 2625.0,
            "new_customer_revenue": 910.0,
            "returning_customer_revenue": 1715.0
        },
        {
            "week": "Nov 06, 2023 - Nov 12, 2023",
            "total_customers": 28,
            "new_customers": 6,
            "returning_customers": 22,
            "new_percentage": 21.43,
            "returning_percentage": 78.57,
            "total_revenue": 2415.0,
            "new_customer_revenue": 675.0,
            "returning_customer_revenue": 1740.0
        },
        {
            "week": "Nov 13, 2023 - Nov 19, 2023",
            "total_customers": 27,
            "new_customers": 12,
            "returning_customers": 15,
            "new_percentage": 44.44,
            "returning_percentage": 55.56,
            "total_revenue": 2000.0,
            "new_customer_revenue": 867.7,
            "returning_customer_revenue": 1132.3
        },
        {
            "week": "Nov 20, 2023 - Nov 26, 2023",
            "total_customers": 22,
            "new_customers": 12,
            "returning_customers": 10,
            "new_percentage": 54.55,
            "returning_percentage": 45.45,
            "total_revenue": 1940.0,
            "new_customer_revenue": 1135.0,
            "returning_customer_revenue": 805.0
        },
        {
            "week": "Nov 27, 2023 - Dec 03, 2023",
            "total_customers": 36,
            "new_customers": 14,
            "returning_customers": 22,
            "new_percentage": 38.89,
            "returning_percentage": 61.11,
            "total_revenue": 3014.7,
            "new_customer_revenue": 1162.7,
            "returning_customer_revenue": 1851.9999999999998
        },
        {
            "week": "Dec 04, 2023 - Dec 10, 2023",
            "total_customers": 39,
            "new_customers": 17,
            "returning_customers": 22,
            "new_percentage": 43.59,
            "returning_percentage": 56.41,
            "total_revenue": 3365.1,
            "new_customer_revenue": 1500.0,
            "returning_customer_revenue": 1865.1
        },
        {
            "week": "Dec 11, 2023 - Dec 17, 2023",
            "total_customers": 45,
            "new_customers": 19,
            "returning_customers": 26,
            "new_percentage": 42.22,
            "returning_percentage": 57.78,
            "total_revenue": 3906.0,
            "new_customer_revenue": 1626.0,
            "returning_customer_revenue": 2280.0
        },
        {
            "week": "Dec 18, 2023 - Dec 24, 2023",
            "total_customers": 43,
            "new_customers": 18,
            "returning_customers": 25,
            "new_percentage": 41.86,
            "returning_percentage": 58.14,
            "total_revenue": 3892.8,
            "new_customer_revenue": 1897.8000000000002,
            "returning_customer_revenue": 1995.0
        },
        {
            "week": "Dec 25, 2023 - Dec 31, 2023",
            "total_customers": 41,
            "new_customers": 19,
            "returning_customers": 22,
            "new_percentage": 46.34,
            "returning_percentage": 53.66,
            "total_revenue": 4408.1,
            "new_customer_revenue": 2504.3,
            "returning_customer_revenue": 1903.8000000000002
        },
        {
            "week": "Jan 01, 2024 - Jan 07, 2024",
            "total_customers": 41,
            "new_customers": 14,
            "returning_customers": 27,
            "new_percentage": 34.15,
            "returning_percentage": 65.85,
            "total_revenue": 3705.3,
            "new_customer_revenue": 1515.3,
            "returning_customer_revenue": 2190.0
        },
        {
            "week": "Jan 08, 2024 - Jan 14, 2024",
            "total_customers": 26,
            "new_customers": 2,
            "returning_customers": 24,
            "new_percentage": 7.69,
            "returning_percentage": 92.31,
            "total_revenue": 1955.0,
            "new_customer_revenue": 160.0,
            "returning_customer_revenue": 1795.0
        },
        {
            "week": "Jan 15, 2024 - Jan 21, 2024",
            "total_customers": 31,
            "new_customers": 15,
            "returning_customers": 16,
            "new_percentage": 48.39,
            "returning_percentage": 51.61,
            "total_revenue": 3327.0,
            "new_customer_revenue": 2040.4,
            "returning_customer_revenue": 1286.6
        },
        {
            "week": "Jan 22, 2024 - Jan 28, 2024",
            "total_customers": 30,
            "new_customers": 11,
            "returning_customers": 19,
            "new_percentage": 36.67,
            "returning_percentage": 63.33,
            "total_revenue": 2461.5,
            "new_customer_revenue": 929.0,
            "returning_customer_revenue": 1532.5
        },
        {
            "week": "Jan 29, 2024 - Feb 04, 2024",
            "total_customers": 33,
            "new_customers": 12,
            "returning_customers": 21,
            "new_percentage": 36.36,
            "returning_percentage": 63.64,
            "total_revenue": 3784.7,
            "new_customer_revenue": 1959.7,
            "returning_customer_revenue": 1824.9999999999998
        },
        {
            "week": "Feb 05, 2024 - Feb 11, 2024",
            "total_customers": 34,
            "new_customers": 13,
            "returning_customers": 21,
            "new_percentage": 38.24,
            "returning_percentage": 61.76,
            "total_revenue": 2841.1,
            "new_customer_revenue": 1232.5,
            "returning_customer_revenue": 1608.6
        },
        {
            "week": "Feb 12, 2024 - Feb 18, 2024",
            "total_customers": 34,
            "new_customers": 17,
            "returning_customers": 17,
            "new_percentage": 50.0,
            "returning_percentage": 50.0,
            "total_revenue": 2987.5,
            "new_customer_revenue": 1675.0,
            "returning_customer_revenue": 1312.5
        },
        {
            "week": "Feb 19, 2024 - Feb 25, 2024",
            "total_customers": 42,
            "new_customers": 14,
            "returning_customers": 28,
            "new_percentage": 33.33,
            "returning_percentage": 66.67,
            "total_revenue": 4440.7,
            "new_customer_revenue": 2022.1,
            "returning_customer_revenue": 2418.6
        },
        {
            "week": "Feb 26, 2024 - Mar 03, 2024",
            "total_customers": 42,
            "new_customers": 23,
            "returning_customers": 19,
            "new_percentage": 54.76,
            "returning_percentage": 45.24,
            "total_revenue": 3962.7,
            "new_customer_revenue": 2412.1,
            "returning_customer_revenue": 1550.6
        },
        {
            "week": "Mar 04, 2024 - Mar 10, 2024",
            "total_customers": 41,
            "new_customers": 21,
            "returning_customers": 20,
            "new_percentage": 51.22,
            "returning_percentage": 48.78,
            "total_revenue": 3318.0,
            "new_customer_revenue": 1739.2,
            "returning_customer_revenue": 1578.8
        },
        {
            "week": "Mar 11, 2024 - Mar 17, 2024",
            "total_customers": 41,
            "new_customers": 9,
            "returning_customers": 32,
            "new_percentage": 21.95,
            "returning_percentage": 78.05,
            "total_revenue": 3847.5,
            "new_customer_revenue": 780.0,
            "returning_customer_revenue": 3067.5
        },
        {
            "week": "Mar 18, 2024 - Mar 24, 2024",
            "total_customers": 37,
            "new_customers": 12,
            "returning_customers": 25,
            "new_percentage": 32.43,
            "returning_percentage": 67.57,
            "total_revenue": 3737.5,
            "new_customer_revenue": 1152.5,
            "returning_customer_revenue": 2585.0
        },
        {
            "week": "Mar 25, 2024 - Mar 31, 2024",
            "total_customers": 56,
            "new_customers": 25,
            "returning_customers": 31,
            "new_percentage": 44.64,
            "returning_percentage": 55.36,
            "total_revenue": 4772.0,
            "new_customer_revenue": 2155.0,
            "returning_customer_revenue": 2617.0
        },
        {
            "week": "Apr 01, 2024 - Apr 07, 2024",
            "total_customers": 55,
            "new_customers": 26,
            "returning_customers": 29,
            "new_percentage": 47.27,
            "returning_percentage": 52.73,
            "total_revenue": 4566.4,
            "new_customer_revenue": 2296.4,
            "returning_customer_revenue": 2269.9999999999995
        },
        {
            "week": "Apr 08, 2024 - Apr 14, 2024",
            "total_customers": 71,
            "new_customers": 25,
            "returning_customers": 46,
            "new_percentage": 35.21,
            "returning_percentage": 64.79,
            "total_revenue": 6545.1,
            "new_customer_revenue": 2857.5,
            "returning_customer_revenue": 3687.6000000000004
        },
        {
            "week": "Apr 15, 2024 - Apr 21, 2024",
            "total_customers": 54,
            "new_customers": 23,
            "returning_customers": 31,
            "new_percentage": 42.59,
            "returning_percentage": 57.41,
            "total_revenue": 4580.9,
            "new_customer_revenue": 2008.3,
            "returning_customer_revenue": 2572.5999999999995
        },
        {
            "week": "Apr 22, 2024 - Apr 28, 2024",
            "total_customers": 39,
            "new_customers": 13,
            "returning_customers": 26,
            "new_percentage": 33.33,
            "returning_percentage": 66.67,
            "total_revenue": 3409.4,
            "new_customer_revenue": 1295.4,
            "returning_customer_revenue": 2114.0
        },
        {
            "week": "Apr 29, 2024 - May 05, 2024",
            "total_customers": 61,
            "new_customers": 30,
            "returning_customers": 31,
            "new_percentage": 49.18,
            "returning_percentage": 50.82,
            "total_revenue": 5205.0,
            "new_customer_revenue": 2725.0,
            "returning_customer_revenue": 2480.0
        },
        {
            "week": "May 06, 2024 - May 12, 2024",
            "total_customers": 70,
            "new_customers": 40,
            "returning_customers": 30,
            "new_percentage": 57.14,
            "returning_percentage": 42.86,
            "total_revenue": 7136.8,
            "new_customer_revenue": 4562.799999999999,
            "returning_customer_revenue": 2574.000000000001
        },
        {
            "week": "May 13, 2024 - May 19, 2024",
            "total_customers": 58,
            "new_customers": 26,
            "returning_customers": 32,
            "new_percentage": 44.83,
            "returning_percentage": 55.17,
            "total_revenue": 5537.2,
            "new_customer_revenue": 2557.5,
            "returning_customer_revenue": 2979.7
        },
        {
            "week": "May 20, 2024 - May 26, 2024",
            "total_customers": 65,
            "new_customers": 33,
            "returning_customers": 32,
            "new_percentage": 50.77,
            "returning_percentage": 49.23,
            "total_revenue": 5908.4,
            "new_customer_revenue": 3302.0,
            "returning_customer_revenue": 2606.3999999999996
        },
        {
            "week": "May 27, 2024 - Jun 02, 2024",
            "total_customers": 81,
            "new_customers": 38,
            "returning_customers": 43,
            "new_percentage": 46.91,
            "returning_percentage": 53.09,
            "total_revenue": 6808.299999999999,
            "new_customer_revenue": 3151.1,
            "returning_customer_revenue": 3657.1999999999994
        },
        {
            "week": "Jun 03, 2024 - Jun 09, 2024",
            "total_customers": 93,
            "new_customers": 40,
            "returning_customers": 53,
            "new_percentage": 43.01,
            "returning_percentage": 56.99,
            "total_revenue": 8839.3,
            "new_customer_revenue": 4296.2,
            "returning_customer_revenue": 4543.099999999999
        },
        {
            "week": "Jun 10, 2024 - Jun 16, 2024",
            "total_customers": 95,
            "new_customers": 36,
            "returning_customers": 59,
            "new_percentage": 37.89,
            "returning_percentage": 62.11,
            "total_revenue": 7743.1,
            "new_customer_revenue": 3233.1,
            "returning_customer_revenue": 4510.0
        },
        {
            "week": "Jun 17, 2024 - Jun 23, 2024",
            "total_customers": 81,
            "new_customers": 37,
            "returning_customers": 44,
            "new_percentage": 45.68,
            "returning_percentage": 54.32,
            "total_revenue": 6521.5,
            "new_customer_revenue": 3002.5,
            "returning_customer_revenue": 3519.0
        },
        {
            "week": "Jun 24, 2024 - Jun 30, 2024",
            "total_customers": 95,
            "new_customers": 45,
            "returning_customers": 50,
            "new_percentage": 47.37,
            "returning_percentage": 52.63,
            "total_revenue": 8117.2,
            "new_customer_revenue": 4217.2,
            "returning_customer_revenue": 3900.0
        },
        {
            "week": "Jul 01, 2024 - Jul 07, 2024",
            "total_customers": 76,
            "new_customers": 44,
            "returning_customers": 32,
            "new_percentage": 57.89,
            "returning_percentage": 42.11,
            "total_revenue": 7002.7,
            "new_customer_revenue": 4182.700000000001,
            "returning_customer_revenue": 2819.999999999999
        },
        {
            "week": "Jul 08, 2024 - Jul 14, 2024",
            "total_customers": 86,
            "new_customers": 32,
            "returning_customers": 54,
            "new_percentage": 37.21,
            "returning_percentage": 62.79,
            "total_revenue": 7282.0,
            "new_customer_revenue": 2594.2,
            "returning_customer_revenue": 4687.8
        },
        {
            "week": "Jul 15, 2024 - Jul 21, 2024",
            "total_customers": 79,
            "new_customers": 42,
            "returning_customers": 37,
            "new_percentage": 53.16,
            "returning_percentage": 46.84,
            "total_revenue": 7018.1,
            "new_customer_revenue": 3900.6,
            "returning_customer_revenue": 3117.5000000000005
        },
        {
            "week": "Jul 22, 2024 - Jul 28, 2024",
            "total_customers": 100,
            "new_customers": 49,
            "returning_customers": 51,
            "new_percentage": 49.0,
            "returning_percentage": 51.0,
            "total_revenue": 8321.9,
            "new_customer_revenue": 4246.9,
            "returning_customer_revenue": 4075.0
        },
        {
            "week": "Jul 29, 2024 - Aug 04, 2024",
            "total_customers": 120,
            "new_customers": 53,
            "returning_customers": 67,
            "new_percentage": 44.17,
            "returning_percentage": 55.83,
            "total_revenue": 10132.5,
            "new_customer_revenue": 4780.0,
            "returning_customer_revenue": 5352.5
        },
        {
            "week": "Aug 05, 2024 - Aug 11, 2024",
            "total_customers": 104,
            "new_customers": 42,
            "returning_customers": 62,
            "new_percentage": 40.38,
            "returning_percentage": 59.62,
            "total_revenue": 8259.5,
            "new_customer_revenue": 3659.5,
            "returning_customer_revenue": 4600.0
        },
        {
            "week": "Aug 12, 2024 - Aug 18, 2024",
            "total_customers": 84,
            "new_customers": 35,
            "returning_customers": 49,
            "new_percentage": 41.67,
            "returning_percentage": 58.33,
            "total_revenue": 7072.5,
            "new_customer_revenue": 2925.0,
            "returning_customer_revenue": 4147.5
        },
        {
            "week": "Aug 19, 2024 - Aug 25, 2024",
            "total_customers": 107,
            "new_customers": 52,
            "returning_customers": 55,
            "new_percentage": 48.6,
            "returning_percentage": 51.4,
            "total_revenue": 9132.6,
            "new_customer_revenue": 4687.5,
            "returning_customer_revenue": 4445.1
        },
        {
            "week": "Aug 26, 2024 - Sep 01, 2024",
            "total_customers": 107,
            "new_customers": 41,
            "returning_customers": 66,
            "new_percentage": 38.32,
            "returning_percentage": 61.68,
            "total_revenue": 9425.2,
            "new_customer_revenue": 4035.2,
            "returning_customer_revenue": 5390.000000000001
        },
        {
            "week": "Sep 02, 2024 - Sep 08, 2024",
            "total_customers": 99,
            "new_customers": 39,
            "returning_customers": 60,
            "new_percentage": 39.39,
            "returning_percentage": 60.61,
            "total_revenue": 8498.9,
            "new_customer_revenue": 3604.7,
            "returning_customer_revenue": 4894.2
        },
        {
            "week": "Sep 09, 2024 - Sep 15, 2024",
            "total_customers": 91,
            "new_customers": 35,
            "returning_customers": 56,
            "new_percentage": 38.46,
            "returning_percentage": 61.54,
            "total_revenue": 7269.5,
            "new_customer_revenue": 2922.0,
            "returning_customer_revenue": 4347.5
        },
        {
            "week": "Sep 16, 2024 - Sep 22, 2024",
            "total_customers": 121,
            "new_customers": 43,
            "returning_customers": 78,
            "new_percentage": 35.54,
            "returning_percentage": 64.46,
            "total_revenue": 9930.0,
            "new_customer_revenue": 3872.5,
            "returning_customer_revenue": 6057.5
        },
        {
            "week": "Sep 23, 2024 - Sep 29, 2024",
            "total_customers": 107,
            "new_customers": 30,
            "returning_customers": 77,
            "new_percentage": 28.04,
            "returning_percentage": 71.96,
            "total_revenue": 8739.1,
            "new_customer_revenue": 2837.1,
            "returning_customer_revenue": 5902.0
        },
        {
            "week": "Sep 30, 2024 - Oct 06, 2024",
            "total_customers": 79,
            "new_customers": 26,
            "returning_customers": 53,
            "new_percentage": 32.91,
            "returning_percentage": 67.09,
            "total_revenue": 6692.5,
            "new_customer_revenue": 2252.5,
            "returning_customer_revenue": 4440.0
        },
        {
            "week": "Oct 07, 2024 - Oct 13, 2024",
            "total_customers": 77,
            "new_customers": 29,
            "returning_customers": 48,
            "new_percentage": 37.66,
            "returning_percentage": 62.34,
            "total_revenue": 6232.2,
            "new_customer_revenue": 2585.0,
            "returning_customer_revenue": 3647.2
        },
        {
            "week": "Oct 14, 2024 - Oct 20, 2024",
            "total_customers": 88,
            "new_customers": 37,
            "returning_customers": 51,
            "new_percentage": 42.05,
            "returning_percentage": 57.95,
            "total_revenue": 7566.0,
            "new_customer_revenue": 3372.8,
            "returning_customer_revenue": 4193.2
        },
        {
            "week": "Oct 21, 2024 - Oct 27, 2024",
            "total_customers": 90,
            "new_customers": 29,
            "returning_customers": 61,
            "new_percentage": 32.22,
            "returning_percentage": 67.78,
            "total_revenue": 7734.1,
            "new_customer_revenue": 2600.8,
            "returning_customer_revenue": 5133.3
        },
        {
            "week": "Oct 28, 2024 - Nov 03, 2024",
            "total_customers": 59,
            "new_customers": 16,
            "returning_customers": 43,
            "new_percentage": 27.12,
            "returning_percentage": 72.88,
            "total_revenue": 5213.799999999999,
            "new_customer_revenue": 1424.9,
            "returning_customer_revenue": 3788.899999999999
        },
        {
            "week": "Nov 04, 2024 - Nov 10, 2024",
            "total_customers": 45,
            "new_customers": 19,
            "returning_customers": 26,
            "new_percentage": 42.22,
            "returning_percentage": 57.78,
            "total_revenue": 4224.8,
            "new_customer_revenue": 1820.0,
            "returning_customer_revenue": 2404.8
        },
        {
            "week": "Nov 11, 2024 - Nov 17, 2024",
            "total_customers": 49,
            "new_customers": 20,
            "returning_customers": 29,
            "new_percentage": 40.82,
            "returning_percentage": 59.18,
            "total_revenue": 4395.0,
            "new_customer_revenue": 1750.0,
            "returning_customer_revenue": 2645.0
        },
        {
            "week": "Nov 18, 2024 - Nov 24, 2024",
            "total_customers": 50,
            "new_customers": 17,
            "returning_customers": 33,
            "new_percentage": 34.0,
            "returning_percentage": 66.0,
            "total_revenue": 4465.0,
            "new_customer_revenue": 2010.0,
            "returning_customer_revenue": 2455.0
        },
        {
            "week": "Nov 25, 2024 - Dec 01, 2024",
            "total_customers": 55,
            "new_customers": 20,
            "returning_customers": 35,
            "new_percentage": 36.36,
            "returning_percentage": 63.64,
            "total_revenue": 4710.7,
            "new_customer_revenue": 1865.7,
            "returning_customer_revenue": 2845.0
        },
        {
            "week": "Dec 02, 2024 - Dec 08, 2024",
            "total_customers": 49,
            "new_customers": 20,
            "returning_customers": 29,
            "new_percentage": 40.82,
            "returning_percentage": 59.18,
            "total_revenue": 5306.4,
            "new_customer_revenue": 2573.9,
            "returning_customer_revenue": 2732.4999999999995
        },
        {
            "week": "Dec 09, 2024 - Dec 15, 2024",
            "total_customers": 56,
            "new_customers": 23,
            "returning_customers": 33,
            "new_percentage": 41.07,
            "returning_percentage": 58.93,
            "total_revenue": 5134.3,
            "new_customer_revenue": 2559.3,
            "returning_customer_revenue": 2575.0
        },
        {
            "week": "Dec 16, 2024 - Dec 22, 2024",
            "total_customers": 53,
            "new_customers": 20,
            "returning_customers": 33,
            "new_percentage": 37.74,
            "returning_percentage": 62.26,
            "total_revenue": 4784.8,
            "new_customer_revenue": 2089.8,
            "returning_customer_revenue": 2695.0
        },
        {
            "week": "Dec 23, 2024 - Dec 29, 2024",
            "total_customers": 56,
            "new_customers": 30,
            "returning_customers": 26,
            "new_percentage": 53.57,
            "returning_percentage": 46.43,
            "total_revenue": 5095.0,
            "new_customer_revenue": 2945.0,
            "returning_customer_revenue": 2150.0
        },
        {
            "week": "Dec 30, 2024 - Jan 05, 2025",
            "total_customers": 57,
            "new_customers": 25,
            "returning_customers": 32,
            "new_percentage": 43.86,
            "returning_percentage": 56.14,
            "total_revenue": 5001.5,
            "new_customer_revenue": 2517.5,
            "returning_customer_revenue": 2484.0
        },
        {
            "week": "Jan 06, 2025 - Jan 12, 2025",
            "total_customers": 40,
            "new_customers": 16,
            "returning_customers": 24,
            "new_percentage": 40.0,
            "returning_percentage": 60.0,
            "total_revenue": 3191.5,
            "new_customer_revenue": 1439.0,
            "returning_customer_revenue": 1752.5
        },
        {
            "week": "Jan 13, 2025 - Jan 19, 2025",
            "total_customers": 44,
            "new_customers": 15,
            "returning_customers": 29,
            "new_percentage": 34.09,
            "returning_percentage": 65.91,
            "total_revenue": 4004.3999999999996,
            "new_customer_revenue": 1640.0,
            "returning_customer_revenue": 2364.3999999999996
        },
        {
            "week": "Jan 20, 2025 - Jan 26, 2025",
            "total_customers": 58,
            "new_customers": 25,
            "returning_customers": 33,
            "new_percentage": 43.1,
            "returning_percentage": 56.9,
            "total_revenue": 5305.6,
            "new_customer_revenue": 2497.5,
            "returning_customer_revenue": 2808.1000000000004
        },
        {
            "week": "Jan 27, 2025 - Feb 02, 2025",
            "total_customers": 36,
            "new_customers": 15,
            "returning_customers": 21,
            "new_percentage": 41.67,
            "returning_percentage": 58.33,
            "total_revenue": 2944.3,
            "new_customer_revenue": 1264.3,
            "returning_customer_revenue": 1680.0000000000002
        },
        {
            "week": "Feb 03, 2025 - Feb 09, 2025",
            "total_customers": 50,
            "new_customers": 23,
            "returning_customers": 27,
            "new_percentage": 46.0,
            "returning_percentage": 54.0,
            "total_revenue": 4384.0,
            "new_customer_revenue": 2207.5,
            "returning_customer_revenue": 2176.5
        },
        {
            "week": "Feb 10, 2025 - Feb 16, 2025",
            "total_customers": 60,
            "new_customers": 30,
            "returning_customers": 30,
            "new_percentage": 50.0,
            "returning_percentage": 50.0,
            "total_revenue": 5650.0,
            "new_customer_revenue": 3217.5,
            "returning_customer_revenue": 2432.5
        },
        {
            "week": "Feb 17, 2025 - Feb 23, 2025",
            "total_customers": 56,
            "new_customers": 16,
            "returning_customers": 40,
            "new_percentage": 28.57,
            "returning_percentage": 71.43,
            "total_revenue": 4844.5,
            "new_customer_revenue": 1624.5,
            "returning_customer_revenue": 3220.0
        },
        {
            "week": "Feb 24, 2025 - Mar 02, 2025",
            "total_customers": 58,
            "new_customers": 14,
            "returning_customers": 44,
            "new_percentage": 24.14,
            "returning_percentage": 75.86,
            "total_revenue": 4789.1,
            "new_customer_revenue": 1324.4,
            "returning_customer_revenue": 3464.7000000000003
        },
        {
            "week": "Mar 03, 2025 - Mar 09, 2025",
            "total_customers": 49,
            "new_customers": 13,
            "returning_customers": 36,
            "new_percentage": 26.53,
            "returning_percentage": 73.47,
            "total_revenue": 4007.9,
            "new_customer_revenue": 1118.2,
            "returning_customer_revenue": 2889.7
        },
        {
            "week": "Mar 10, 2025 - Mar 16, 2025",
            "total_customers": 47,
            "new_customers": 14,
            "returning_customers": 33,
            "new_percentage": 29.79,
            "returning_percentage": 70.21,
            "total_revenue": 4070.2,
            "new_customer_revenue": 1389.5,
            "returning_customer_revenue": 2680.7
        },
        {
            "week": "Mar 17, 2025 - Mar 23, 2025",
            "total_customers": 54,
            "new_customers": 25,
            "returning_customers": 29,
            "new_percentage": 46.3,
            "returning_percentage": 53.7,
            "total_revenue": 4928.299999999999,
            "new_customer_revenue": 2455.8,
            "returning_customer_revenue": 2472.499999999999
        },
        {
            "week": "Mar 24, 2025 - Mar 30, 2025",
            "total_customers": 78,
            "new_customers": 27,
            "returning_customers": 51,
            "new_percentage": 34.62,
            "returning_percentage": 65.38,
            "total_revenue": 6742.6,
            "new_customer_revenue": 2642.6,
            "returning_customer_revenue": 4100.0
        },
        {
            "week": "Mar 31, 2025 - Apr 06, 2025",
            "total_customers": 84,
            "new_customers": 32,
            "returning_customers": 52,
            "new_percentage": 38.1,
            "returning_percentage": 61.9,
            "total_revenue": 8418.6,
            "new_customer_revenue": 3827.0,
            "returning_customer_revenue": 4591.6
        },
        {
            "week": "Apr 07, 2025 - Apr 13, 2025",
            "total_customers": 78,
            "new_customers": 29,
            "returning_customers": 49,
            "new_percentage": 37.18,
            "returning_percentage": 62.82,
            "total_revenue": 6585.5,
            "new_customer_revenue": 2540.5,
            "returning_customer_revenue": 4045.0
        },
        {
            "week": "Apr 14, 2025 - Apr 20, 2025",
            "total_customers": 79,
            "new_customers": 28,
            "returning_customers": 51,
            "new_percentage": 35.44,
            "returning_percentage": 64.56,
            "total_revenue": 7143.1,
            "new_customer_revenue": 2815.0,
            "returning_customer_revenue": 4328.1
        },
        {
            "week": "Apr 21, 2025 - Apr 27, 2025",
            "total_customers": 80,
            "new_customers": 33,
            "returning_customers": 47,
            "new_percentage": 41.25,
            "returning_percentage": 58.75,
            "total_revenue": 6941.3,
            "new_customer_revenue": 3069.7,
            "returning_customer_revenue": 3871.6000000000004
        },
        {
            "week": "Apr 28, 2025 - May 04, 2025",
            "total_customers": 81,
            "new_customers": 35,
            "returning_customers": 46,
            "new_percentage": 43.21,
            "returning_percentage": 56.79,
            "total_revenue": 6979.5,
            "new_customer_revenue": 3257.5,
            "returning_customer_revenue": 3722.0
        },
        {
            "week": "May 05, 2025 - May 11, 2025",
            "total_customers": 116,
            "new_customers": 49,
            "returning_customers": 67,
            "new_percentage": 42.24,
            "returning_percentage": 57.76,
            "total_revenue": 10097.699999999999,
            "new_customer_revenue": 4725.400000000001,
            "returning_customer_revenue": 5372.299999999998
        },
        {
            "week": "May 12, 2025 - May 18, 2025",
            "total_customers": 113,
            "new_customers": 46,
            "returning_customers": 67,
            "new_percentage": 40.71,
            "returning_percentage": 59.29,
            "total_revenue": 10578.4,
            "new_customer_revenue": 5007.2,
            "returning_customer_revenue": 5571.2
        },
        {
            "week": "May 19, 2025 - May 25, 2025",
            "total_customers": 125,
            "new_customers": 47,
            "returning_customers": 78,
            "new_percentage": 37.6,
            "returning_percentage": 62.4,
            "total_revenue": 11440.0,
            "new_customer_revenue": 5000.0,
            "returning_customer_revenue": 6440.0
        },
        {
            "week": "May 26, 2025 - Jun 01, 2025",
            "total_customers": 145,
            "new_customers": 67,
            "returning_customers": 78,
            "new_percentage": 46.21,
            "returning_percentage": 53.79,
            "total_revenue": 13210.1,
            "new_customer_revenue": 6369.5,
            "returning_customer_revenue": 6840.6
        }
    ]
}